3348 5804
733 837 842 888 Llnsn
865 834 1124 886 LANDAVENSIS.

362 1016 384 1046 “
394 1005 481 1075 tioui
498 1005 662 1086 intentus,
673 1003 773 1095 jace3
799 1003 964 1096 dabitque
980 1003 1045 1074 cibi
1064 1001 1161 1073 Deus
1177 1003 1270 1074 unde
1288 1002 1410 1072 diebus
1426 999 1501 1074 istis

365 1119 638 1213 “corpusculum
658 1126 760 1189 tuum
779 1121 888 1212 possit
904 1115 1108 1212 procurare‚¹
1126 1121 1231 1190 etita
1246 1141 1382 1212 semper
1397 1117 1504 1189 tertia

366 1237 454 1307 “die
483 1233 657 1306 matutinis
685 1233 779 1318 horai,
809 1236 940 1329 piscem
970 1236 1068 1306 dabit
1096 1237 1162 1306 tibi
1191 1234 1289 1306 Deus
1318 1235 1363 1305 de
1391 1232 1501 1327 petri,

364 1362 387 1394 ‘⁶
397 1373 594 1445 quanquam
614 1358 748 1422 semota
763 1375 784 1422 a
799 1354 897 1434 mari,
923 1354 1017 1423 etin
1038 1351 1110 1422 alto
1127 1352 1318 1423 multorum
1339 1373 1503 1443 passuum

367 1469 509 1562 “spatio
534 1468 699 1538 extensa’
748 1466 858 1539 Piscis
882 1471 934 1540 ita
954 1491 1051 1538 more
1072 1467 1180 1538 michi
1202 1469 1334 1550 missus,
1360 1467 1504 1537 tandem

368 1595 389 1625 ‘⁴
399 1585 604 1666 fastidiosus,
630 1584 733 1654 simul
754 1593 792 1655 et
814 1583 984 1656 tediosus²
1006 1585 1051 1655 ad
1072 1584 1327 1678 degustandum
1347 1583 1505 1653 faucibus

368 1702 541 1782 “miseris,
568 1699 751 1772 deficiente
771 1701 950 1774 stomacho
974 1724 1036 1794 pro
1057 1697 1245 1772 cotidiano³
1264 1709 1406 1794 sumptu
1428 1721 1506 1792 par·

368 1819 563 1899 “simoniae,
593 1825 630 1886 et
658 1818 826 1910 aquaticae
849 1827 991 1902 naturae,
1021 1818 1157 1889 ablatus
1181 1826 1255 1901 est;
1289 1817 1339 1887 nil
1363 1823 1506 1910 propter

367 1944 389 1974 ⁴‘
399 1934 529 2004 factam
546 1934 805 2025 querimoniam.
856 1933 983 2006 Altera
999 1935 1084 2017 vice,
1103 1934 1226 2006 ‘Vade
1242 1936 1287 2005 ad
1304 1943 1451 2028 portum,
1466 1939 1506 2002 et

371 2051 545 2122 “habebis
570 2051 702 2144 piscem
728 2053 901 2122 marinum
928 2075 1064 2146 magnae
1087 2050 1198 2134 molis,
1228 2051 1321 2122 unde
1345 2069 1506 2143 procura-

371 2167 522 2250 “beris3'
556 2177 594 2239 et
626 2169 759 2239 inventi
791 2169 894 2261 piscis
923 2167 1103 2238 cultellulo
1135 2168 1306 2261 perforari
1338 2166 1437 2247 latus
1468 2171 1508 2234 et

372 2284 555 2354 “sentiens
584 2285 718 2367 vulnus,
748 2280 887 2356 sellens⁴
913 2285 1141 2378 praecipitavit
1168 2285 1206 2353 in
1234 2284 1321 2354 mari
1351 2282 1508 2352 lirnditus

370 2409 391 2438 ‘⁶
401 2401 550 2471 evadens
579 2403 623 2472 de
651 2402 739 2471 meis
766 2402 936 2484 manibus,
967 2409 1004 2472 et
1032 2423 1279 2495 recognoscens
1305 2399 1441 2470 veloces
1470 2406 1509 2467 et

370 2517 557 2588 “inimicas
579 2541 711 2596 manus,
737 2519 901 2610 poenituit
923 2541 981 2588 me
1004 2518 1125 2588 fecisse
1148 2517 1282 2600 vulnus,
1305 2517 1442 2586 rediens
1463 2514 1509 2584 ad

370 2633 626 2726 “hospitiolum
650 2657 798 2717 vacuus3
828 2643 866 2704 et
889 2643 969 2728 post
994 2643 1142 2727 tempus,
1167 2641 1377 2728 aggravante
1401 2631 1509 2702 michi

368 2757 388 2787 “
398 2750 587 2833 stomacho,
601 2753 741 2843 quaesivi
754 2751 961 2842 adjuvamen
973 2774 1018 2821 ex
1031 2752 1143 2822 solito.
1196 2750 1315 2821 Nocte
1328 2757 1505 2843 sequente,

370 2872 633 2957 “apparuemnt
657 2866 777 2950 san'cti,
804 2875 841 2936 et
866 2867 1039 2950 dixerunt,
1068 2867 1120 2939 ‘O
1138 2875 1179 2937 tu
1203 2865 1399 2937 incredule!
1425 2865 1510 2958 quid

372 2990 393 3020 “
403 2981 597 3053 festinasti?
651 2980 756 3066 Quod
784 2983 850 3052 tibi
874 2985 970 3056 misit
992 2983 1099 3067 Deus
1126 3008 1195 3054 non
1220 2984 1374 3067 auferet3
1405 2976 1512 3075 quod⁵

371 3095 505 3167 “hodie
522 3098 587 3168 tibi
604 3098 757 3181 abstulit,
775 3100 812 3168 in
829 3101 977 3170 crastino
994 3102 1126 3172 reddet.
1178 3100 1281 3173 Vade
1297 3101 1342 3170 ad
1359 3101 1509 3170 eundem

373 3223 394 3254 ‘⁶
403 3211 530 3296 locum,
557 3223 594 3284 et
615 3216 664 3286 ibi
689 3217 843 3286 invenies
865 3219 996 3308 piscem
1019 3218 1169 3288 eundem
1193 3226 1381 3298 mortuum,
1407 3215 1510 3286 simul

375 3338 443 3400 “et
465 3330 668 3402 cultellum?
720 3330 769 3402 Et
794 3332 926 3403 fectum
952 3343 1015 3405 est.
1066 3334 1227 3420 Quadam
1248 3334 1317 3405 alia
1338 3336 1424 3414 vice,
1446 3334 1511 3402 im-

373 3448 559 3518 “minente
580 3447 687 3518 michi
709 3447 826 3532 fame,⁶
843 3450 1006 3521 dixerunt
1027 3451 1128 3534 soliti,
1156 3449 1288 3546 ‘Perge
1305 3451 1350 3522 ad
1370 3451 1513 3522 solitum

374 3574 395 3604 “
406 3565 474 3635 iter
483 3565 503 3648 ;'
529 3572 566 3635 et
582 3562 647 3634 ivi⁷
663 3573 700 3636 et
720 3567 901 3637 inventum
919 3569 1109 3638 immanem
1126 3591 1267 3639 cervum
1290 3564 1455 3651 niueum,8
1475 3575 1513 3638 et

375 3679 503 3763 “dixi‚⁷
542 3680 655 3766 ‘Quid
692 3682 799 3753 michi
833 3683 878 3755 de
910 3693 1010 3755 tanto
1039 3685 1126 3767 cibo,
1161 3693 1198 3754 et
1227 3684 1271 3754 de
1300 3684 1439 3754 insolito
1468 3685 1514 3754 ad

375 3795 576 3866 “victuml'
627 3797 731 3868 Redii
751 3799 796 3870 ad
815 3801 1003 3884 oraculum,
1030 3810 1067 3873 et
1085 3809 1126 3872 ut
1145 3800 1256 3883 solito,
1282 3789 1448 3872 dixerunt
1467 3801 1513 3871 ad

377 3912 587 3996 “famulum,
614 3912 735 3984 ‘Nihil
752 3915 847 3986 aliud
868 3918 934 3988 tibi
952 3919 1049 3989 dabit
1071 3917 1252 4000 Dominus,
1279 3917 1344 3988 hac
1367 3919 1403 3988 in
1426 3919 1512 3999 vice,

377 4029 453 4098 “ad
475 4035 623 4121 pastum,
649 4031 714 4100 nisi
736 4031 840 4102 hodie
861 4034 1063 4117 inventum‚'
1088 4043 1126 4105 et
1145 4035 1280 4105 rediens
1297 4034 1341 4104 ad
1362 4043 1514 4127 portum,

379 4155 399 4186 “
409 4145 564 4216 reinveni
580 4167 730 4230 cervum,
752 4171 815 4240 per
830 4157 968 4242 tempus
986 4151 1093 4222 michi
1108 4152 1154 4221 ad
1171 4153 1311 4222 victum.
1363 4151 1517 4237 Quibus-

263 4309 265 4314 ·
380 4264 492 4334 “dam
524 4263 738 4355 temporibus
771 4264 1057 4338 administrabant
1089 4268 1195 4338 michi
1229 4269 1352 4361 aquilae
1382 4269 1516 4364 (divino

380 4533 384 4538 ’
414 4531 477 4588 ¹Sic
495 4532 575 4588 MSS.
594 4531 749 4606 Iegendum
766 4542 815 4592 aut
829 4541 922 4608 porcio,
938 4544 987 4593 aut
1001 4543 1149 4607 procurari.
1167 4539 1201 4594 B.
1261 4539 1317 4594 ¹In
1333 4538 1394 4608 hoc,
1412 4543 1440 4593 et
1456 4537 1520 4592 aliis

380 4619 446 4674 locis
459 4620 555 4674 codicis
570 4638 584 4676 e
598 4621 714 4693 simplex
731 4623 857 4678 scribitur
873 4642 922 4696 pro
940 4643 972 4680 cc.
990 4625 1024 4680 E.
1059 4626 1133 4681 ⁸Pro
1151 4629 1307 4696 quotidiano.
1326 4625 1360 4680 E.
1395 4625 1521 4679 ‘Saliene

379 4707 462 4761 deest.
480 4705 514 4762 0.
556 4710 653 4776 'Qrtoa
671 4708 705 4763 0.
746 4709 811 4766 'Sic
823 4710 857 4766 B.
891 4715 1010 4768 Famem.
1029 4713 1062 4769 Ο.
1097 4717 1190 4769 Fam.
1209 4713 1247 4768 H.
1282 4713 1347 4768 ⁷Sic
1365 4712 1398 4767 Β.
1416 4714 1471 4766 Ioit
1488 4717 1519 4766 et

378 4795 457 4847 cteta
476 4792 556 4848 MSS.
591 4797 706 4849 ‘licoat
724 4795 757 4851 Ο.
