3316 5796
337 829 406 900 116
710 844 817 894 urana
842 843 1102 892 LANDAVENSIS.

335 1013 527 1096 Guinabui;
540 1014 623 1083 data
636 1013 880 1082 benedictione
893 1011 1079 1080 servaturis
1090 1008 1328 1103 elemosynam
1333 1013 1371 1081 in
1383 1015 1480 1104 quie-

334 1140 371 1200 ta
388 1153 483 1222 pace,
498 1130 677 1200 violaturis
690 1137 809 1199 autem
823 1128 867 1198 ab
881 1128 975 1196 omni
989 1150 1048 1196 ore
1062 1125 1307 1197 maledictione
1321 1129 1387 1198 sub
1399 1153 1481 1200 ana·

334 1247 503 1316 themate.
556 1245 604 1314 Et
617 1245 838 1316 cumfinibus
851 1245 947 1314 istis:
985 1241 1128 1314 Oblain
1141 1244 1295 1312 cubitrus
1308 1245 1482 1316 mailuan·

336 1386 415 1445 non,
435 1363 565 1433 diblain
588 1363 729 1444 duifrut,
748 1385 787 1432 ar
806 1360 861 1429 hit
879 1359 1020 1442 duifrut,
1039 1361 1227 1452 dirguairet
1247 1359 1308 1428 bet
1324 1362 1482 1454 gebenni

334 1481 402 1548 trio
416 1479 535 1572 diaper
551 1488 637 1550 nant
650 1476 771 1560 maur,¹
784 1478 938 1546 maliduc
952 1485 1038 1546 nant
1050 1499 1151 1546 maur
1162 1476 1294 1545 diuinid
1306 1476 1480 1548 betiblain

332 1597 399 1664 inis
412 1597 490 1666 cirit
503 1597 795 1667 maurtrusiscirit
807 1594 843 1663 di
856 1593 952 1664 blein
963 1593 1130 1674 mordeo,
1144 1591 1234 1663 arhit
1250 1593 1393 1661 morduc
1406 1593 1479 1663 dir-

329 1712 466 1804 guairet
475 1715 544 1783 trui
558 1714 652 1794 icoit,
666 1713 721 1780 dir
732 1707 851 1794 iulen,²
864 1733 902 1780 ar
912 1709 968 1779 hit
980 1710 1078 1779 inaut
1089 1709 1233 1779 morduo
1245 1709 1305 1778 bet
1315 1712 1478 1802 geuenni,

328 1830 480 1921 geuenni
495 1831 682 1921 dirguairet
699 1829 819 1898 betirit
835 1826 989 1908 lechaua
1003 1849 1043 1895 or
1058 1827 1104 1896 rit
1125 1825 1322 1895 dirlechluit
1341 1827 1377 1894 in
1393 1849 1477 1896 cruc

330 1946 437 2015 braed
459 1947 606 2038 diguam
632 1946 795 2026 idrution,
826 1943 944 2013 diluch
972 1939 1147 2024 icreoion‚³
1171 1942 1298 2024 dicubi,
1323 1941 1477 2012 maliduc

331 2061 412 2130 cubi
430 2063 572 2144 diuinid‚
591 2063 652 2132 bet
669 2061 786 2143 iblain‚
804 2061 866 2131 ubi
882 2061 1023 2152 incepit.

638 2331 747 2402 Laron
764 2331 905 2402 Temno
923 2332 1165 2401 Caussrurcn.

379 2533 551 2625 Tempore
571 2533 727 2625 praedicti
752 2531 860 2626 Regis
884 2531 983 2614 Iden,
1002 2537 1172 2600 venerunt
1194 2527 1354 2601 Saxones
1370 2533 1407 2600 in
1423 2555 1478 2602 re-

329 2651 470 2742 gionem
491 2673 590 2720 suam
612 2649 811 2742 depraedari,
829 2657 867 2717 et
887 2649 963 2740 ipse
979 2670 1059 2716 oum
1080 2669 1143 2716 suo
1160 2647 1319 2717 exercitu
1337 2656 1478 2718 secutus

330 2774 384 2834 est
397 2766 485 2850 illos,
498 2767 585 2836 etin
598 2767 655 2835 vio
667 2787 729 2834 sua
741 2766 838 2833 venit
850 2765 895 2833 ad
909 2761 1080 2833 Sanctum
1092 2762 1260 2845 Teliaum,
1274 2773 1478 2834 manentem

330 2888 414 2950 tunc
431 2883 598 2974 temporis
616 2904 696 2950 cum
713 2881 783 2950 suis
801 2879 946 2950 Clericis
963 2880 1055 2971 apud
1072 2877 1221 2972 podum⁴
1238 2902 1339 2950 suum
1358 2879 1477 2950 Lenn-

329 2996 441 3087 garth,
467 3005 504 3066 et
527 2997 732 3089 deprecatus
755 3005 808 3066 est
831 2995 932 3065 illmn
953 2997 1110 3078 nimium,
1129 3004 1166 3066 et
1184 3018 1304 3066 omnes
1321 2996 1478 3068 Clericos

331 3135 420 3193 suos,
443 3120 483 3181 ut
505 3136 568 3205 pro
584 3112 656 3194 illo,
674 3122 713 3182 et
735 3120 812 3182 toto
829 3113 987 3182 exercitu
1005 3135 1067 3183 suo
1085 3111 1203 3183 Deum
1221 3112 1475 3205 deprecaretur.

330 3226 379 3296 Et
395 3229 492 3298 venit
510 3226 660 3298 Sanctus
676 3227 814 3299 Teliaus
831 3251 913 3298 cunr
931 3253 972 3299 eo
990 3251 1100 3321 usque
1118 3229 1162 3298 ad
1184 3238 1342 3298 montem
1363 3253 1476 3300 unum

327 3346 364 3413 in
381 3345 497 3414 medio
514 3344 695 3427 Cressinic
714 3369 821 3438 prope
834 3344 949 3427 Trodi,
968 3353 1073 3428 stane,
1088 3352 1125 3415 et
1138 3368 1239 3415 orans
1255 3343 1372 3415 Deum
1387 3345 1478 3417 Om-

329 3463 558 3554 nipotentem,
576 3470 617 3533 ut
633 3463 764 3555 populo
777 3485 839 3532 suo
854 3462 1051 3553 depraedato
1065 3471 1293 3545 succurreret;
1316 3471 1353 3532 et
1369 3486 1480 3534 exau·

329 3578 403 3649 dita
418 3601 521 3671 prece
538 3603 609 3662 nra,
628 3589 664 3650 et
681 3579 809 3671 adepto
826 3601 954 3671 magno
974 3579 1113 3673 gaudio,
1132 3579 1238 3649 versis
1259 3578 1418 3650 hostibus
1439 3583 1479 3654 in

329 3695 458 3788 fugam,
476 3721 632 3767 reversus
645 3705 699 3767 est
713 3696 802 3778 Rern,
817 3702 921 3788 capta
932 3696 1062 3786 praeda3
1089 3703 1126 3764 et
1139 3703 1224 3764 tunc
1237 3703 1307 3765 tres
1323 3696 1479 3768 modios⁵

330 3818 430 3880 terra·
441 3813 532 3884 circo
541 3813 721 3883 cumulum
734 3812 844 3894 illum,
858 3811 989 3881 Sancto
999 3810 1153 3893 Teliauo,
1165 3820 1202 3882 et
1214 3812 1368 3882 ecclesioe
1382 3811 1479 3884 Lan-

331 3925 440 3996 daviae
456 3950 538 3996 cum
559 3929 653 3998 omni
672 3928 917 3998 communione
934 3951 997 3998 sua
1017 3927 1148 4010 incolis,
1171 3928 1208 3998 in
1232 3950 1354 4022 campo
1377 3936 1414 3998 et
1437 3931 1477 4000 in

329 4041 432 4124 silvis,
451 4043 487 4111 in
510 4066 600 4135 aqua
617 4052 654 4114 et
673 4045 709 4112 in
729 4046 875 4136 pascuis.
928 4043 985 4114 Ita
1002 4045 1363 4114 excommunicatione
1379 4044 1476 4116 facta

328 4161 374 4230 ab
391 4160 551 4229 omnibus
568 4161 801 4230 communiter
812 4158 891 4241 illis,
909 4162 1108 4254 quicunque
1125 4161 1170 4230 ab
1187 4159 1247 4231 illa
1260 4161 1316 4230 die
1333 4161 1476 4232 inantea

329 4283 527 4369 separarent
544 4276 589 4346 ab
602 4275 748 4346 ecclesia
765 4275 961 4359 Laudaviae,
976 4285 1012 4348 et
1030 4300 1074 4348 ex
1092 4276 1160 4347 alia
1176 4285 1284 4369 parte,
1303 4276 1395 4347 facta
1410 4277 1476 4347 ab·

328 4393 500 4463 solutione
513 4391 582 4462 illis
599 4392 784 4462 servaturis
800 4392 890 4462 hanc
904 4389 1147 4465 elemosinam⁶
1163 4393 1201 4462 in
1217 4416 1314 4485 pace.
1365 4393 1474 4477 Finis,

366 4692 427 4746 ¹Sio
446 4693 479 4747 Ο.
498 4711 581 4748 morra
602 4691 640 4747 H.
705 4693 812 4747 ‘Vilea
832 4694 865 4749 0.
931 4693 1132 4749 Horatiano.
1198 4695 1320 4748 ⁴Pedum
1338 4693 1422 4748 deest.
1441 4694 1478 4749 Ο.

328 4781 442 4835 iModio.
462 4781 495 4834 0.
547 4780 755 4849 marmanum.
774 4781 808 4834 Ο.
