3316 5796
395 816 443 888 94
761 832 868 883 amun
891 831 1150 882 Luunnvnusrs.

442 1003 510 1075 IV.
538 1001 689 1093 Plusque
705 999 906 1092 simpliciter
918 1005 955 1068 et
967 995 1145 1079 catholice,
1158 1006 1233 1068 tam
1250 1006 1521 1093 argumentando

393 1119 522 1212 profuit
544 1117 712 1200 fidelibus,
731 1137 835 1208 quam
857 1115 927 1185 suis
949 1113 1133 1184 subtilibus
1153 1118 1365 1208 argumentis
1387 1119 1523 1192 fecisset

393 1257 546 1327 unquam
568 1233 691 1325 aliquis
714 1231 947 1324 philosophus.
999 1229 1057 1299 Illi
1080 1231 1184 1314 enim,
1208 1232 1298 1302 viam
1321 1246 1524 1324 quaerentes,

394 1374 530 1444 semper
549 1349 746 1433 deviabaut3
771 1348 832 1418 ille
848 1370 929 1418 vero
947 1348 1038 1416 viam
1061 1347 1217 1418 veritatis
1239 1371 1415 1439 nunquam
1438 1375 1525 1445 prae-

393 1466 530 1549 teribat,
543 1467 603 1537 sed
619 1489 681 1558 per
693 1487 772 1536 eam
783 1465 951 1558 grediens,
965 1463 1062 1555 quasi
1075 1461 1216 1534 lueemd
1227 1473 1409 1556 praeunte,
1424 1469 1524 1540 nullo

394 1607 475 1655 eum
497 1584 717 1677 impediente,
735 1581 778 1651 ad
801 1603 882 1650 eum
905 1580 963 1671 qui
987 1587 1041 1648 est
1063 1601 1185 1649 verum
1206 1579 1322 1650 lumen
1343 1582 1523 1654 tendebat.

394 1699 533 1794 Quippe
552 1723 615 1793 per
635 1721 717 1770 eum
737 1696 966 1792 gradiebatur,
989 1697 1049 1787 qui
1071 1703 1125 1766 est
1141 1696 1211 1780 via3
1236 1703 1273 1766 et
1295 1697 1338 1767 ab
1360 1721 1401 1768 ee
1418 1699 1524 1770 doee-

393 1816 504 1899 batur,
518 1817 576 1909 qui
595 1822 648 1885 est
663 1814 840 1906 sapientia
890 1810 1029 1881 Deinde
1040 1812 1159 1882 audita
1175 1812 1239 1882 sibi
1257 1810 1392 1883 Paulini
1408 1814 1524 1906 eujus-

394 1932 475 2002 dam
497 1932 660 2025 sapientis
677 1927 757 2000 viri1
774 1929 874 2011 fama,
893 1951 975 1999 eum
994 1928 1111 2011 adivit,
1130 1936 1167 1997 et
1186 1928 1279 2020 apud
1295 1929 1441 1999 eundem
1457 1930 1522 2000 ali-

393 2047 557 2139 quamdiu
572 2056 735 2128 moratus,
749 2046 847 2136 siqua
857 2067 939 2114 eum
953 2042 1213 2137 Scripturarum·
1225 2053 1356 2116 secreta
1367 2046 1458 2138 prius
1470 2046 1522 2117 la-

393 2169 517 2244 terent,
535 2161 741 2233 eonferenda
758 2161 802 2232 ad
818 2161 978 2242 invicem,
992 2160 1107 2230 omnia
1123 2159 1205 2230 sane
1221 2162 1379 2253 exposita
1392 2161 1522 2232 intelli-

392 2280 531 2372 gebant.
582 2277 705 2370 Ibique
719 2275 886 2348 Sanctum
900 2276 1081 2358 Davidem,
1095 2276 1353 2368 perfectissimae
1365 2279 1444 2348 vitae
1459 2276 1523 2348 he-

393 2396 534 2477 minem‚
559 2395 623 2465 sibi
645 2393 839 2465 assederit:
885 2392 982 2476 Quos
1002 2399 1101 2463 tauta
1121 2391 1301 2484 conjunxit
1322 2392 1460 2476 dilexio,
1486 2403 1525 2465 et

394 2509 544 2605 Spiritus
561 2509 681 2581 Sancti
701 2509 821 2604 gratia,
847 2509 940 2601 quod
963 2509 1000 2580 in
1019 2509 1160 2602 agendis
1175 2508 1286 2591 rebus,
1313 2509 1407 2579 idern
1424 2510 1524 2593 velle,

393 2635 431 2698 et
455 2627 548 2697 idem
573 2627 666 2698 nolle
690 2621 781 2697 esse²
804 2626 981 2697 ambobus.
1034 2623 1137 2708 Eece,
1163 2624 1285 2695 fratres
1310 2626 1524 2709 charissimi,8

395 2743 543 2836 qualiter
564 2741 661 2813 Deus
682 2749 817 2812 sanctos
838 2763 917 2812 suos
936 2741 1066 2812 adunat
1086 2742 1123 2810 in
1144 2741 1253 2823 terris,
1279 2764 1365 2834 quos
1390 2740 1525 2813 firturos

394 2858 493 2951 eligit
505 2859 597 2928 cives
613 2859 650 2927 in
662 2858 771 2941 eoelis3
796 2856 895 2950 eligit
907 2857 1002 2940 duos,
1015 2864 1056 2926 ut
1068 2880 1131 2950 per
1142 2857 1227 2928 duos
1239 2855 1385 2952 eligeret
1395 2858 1522 2951 plures.

394 2972 427 3043 Ο
445 2973 547 3042 beata
564 2974 710 3043 duorum
726 2974 807 3056 vita,
830 2996 894 3066 per
913 2996 1018 3065 quam
1040 2973 1231 3044 multorum
1250 2975 1373 3044 animae
1393 2974 1526 3046 habue-

391 3096 473 3158 runt
489 3089 676 3183 refrigeria!

444 3203 490 3276 V.
518 3204 562 3274 In
582 3205 721 3276 illarum
737 3213 855 3277 autem
873 3205 1079 3277 Sanctarum
1096 3206 1227 3289 diebus,
1245 3206 1385 3299 quidam
1401 3209 1523 3299 populi

393 3323 437 3393 de
455 3320 606 3416 Scythia,
624 3322 683 3414 qui
700 3323 772 3394 sive
785 3345 806 3393 a
817 3322 919 3416 pletis
932 3322 1093 3405 vestibus,
1106 3323 1178 3393 sive
1190 3331 1331 3416 propter
1342 3322 1524 3394 oculorum

392 3441 564 3534 stigmata,
581 3436 675 3510 Picti
690 3440 902 3523 dicebantur,
918 3440 1099 3510 innumera
1115 3438 1222 3509 classe
1238 3440 1283 3508 ad
1302 3437 1523 3510 Britanniam

393 3556 619 3639 devenerunt3
645 3564 682 3627 et
698 3557 790 3650 eapti
807 3579 923 3627 amore
939 3563 1038 3626 terrae
1054 3555 1240 3648 potiundae,
1257 3563 1398 3648 prepter
1413 3556 1523 3628 boua-

390 3695 469 3741 rum
490 3695 605 3742 rerum
622 3673 757 3766 copiam
774 3696 842 3765 qua
857 3695 960 3767 super
975 3693 1094 3742 omnes
1109 3670 1237 3742 insulas
1253 3678 1337 3741 tune
1353 3674 1523 3764 temporis

391 3787 553 3878 pollebat,
576 3790 686 3882 magis
708 3791 827 3861 fraude
843 3811 948 3882 quam
964 3788 1092 3858 viribus
1108 3787 1293 3859 Britannos
1308 3787 1519 3870 invasenmt,

391 3903 481 3971 etin
493 3925 551 3972 eos
567 3905 689 3974 miram
701 3907 908 3976 tirannidem
920 3904 965 3976 ad
981 3901 1134 3998 tempns⁴
1146 3911 1384 3976 exercuerrmt.
1436 3903 1475 3973 N
1476 3928 1519 3975 ee

390 4018 517 4087 mirum
532 4019 635 4088 istam
651 4023 802 4112 superari
819 4022 863 4092 ab
874 4021 948 4104 illa;
973 4043 1055 4092 nam
1068 4019 1169 4091 Picta
1179 4043 1264 4114 gens
1276 4026 1350 4092 erat
1362 4019 1517 4102 subdola,

391 4140 427 4204 et
436 4123 556 4203 multis
566 4133 839 4207 condictionibus
848 4145 939 4208 terra
951 4147 989 4208 et
1000 4137 1086 4208 mari
1099 4138 1303 4220 exercitata
1320 4137 1385 4206 ista
1397 4143 1519 4206 autem

391 4249 547 4341 quamvis
567 4250 695 4322 viribus
715 4253 864 4346 eorporis
884 4261 975 4324 esset
994 4254 1145 4347 praedita,
1171 4262 1291 4325 tamen
1311 4251 1458 4344 simplex
1480 4261 1521 4324 et

389 4365 546 4458 pacifica
571 4373 608 4436 et
628 4367 709 4460 quia
729 4370 883 4440 nondum
902 4378 993 4440 esset
1012 4392 1223 4463 aquoquam
1244 4364 1402 4452 tenuta⁵
1420 4370 1521 4463 quasi

425 4697 505 4754 ¹Vtrr'
523 4701 603 4756 deest.
622 4701 654 4756 0.
701 4703 802 4759 ’Forte
819 4724 868 4778 pre
886 4715 955 4764 aeret.
980 4706 1013 4762 Β.
1060 4705 1290 4761 triumuirali.
1338 4707 1402 4760 *Ad
1419 4713 1523 4773 aaran

390 4785 495 4841 desunt.
514 4785 546 4840 Ο.
581 4787 645 4842 lSie
658 4788 690 4843 Ο.
704 4797 832 4860 temptata.
852 4793 889 4848 H.
