3318 5804
500 833 607 884 arnna
631 830 890 884 mvnsvnusrs.
1190 816 1260 888 189

124 1003 184 1087 sit;
210 1003 272 1096 qui
288 1010 406 1074 autem
423 1003 469 1074 ab
485 1001 632 1074 ecclesie
647 999 832 1072 Landaviae
849 999 1066 1092 separaverit,
1083 999 1118 1070 vi
1134 999 1259 1094 aliqua,

125 1128 189 1191 aut
210 1119 324 1191 laicali
342 1120 521 1191 invasione
543 1115 698 1201 subdoli,
720 1117 906 1188 anathema
926 1116 980 1200 sit,
998 1116 1109 1188 donec
1126 1121 1261 1189 venerit

125 1235 172 1308 ad
188 1235 477 1310 emendationem.
527 1233 656 1307 Amen.
733 1301 743 1322 ,

518 1491 639 1564 me
657 1491 871 1566 Carneum.

171 1692 439 1766 Posthoecdata
447 1691 531 1764 villa
545 1691 660 1764 Elcnn
676 1690 803 1787 posita¹
821 1716 924 1788 super
940 1693 1097 1780 Dubleis‚
1115 1695 1203 1782 Deo,
1221 1708 1261 1772 ot

127 1809 273 1896 Sandis,
290 1817 333 1882 ut
348 1810 584 1905 praediximum
600 1811 695 1882 idem
712 1807 817 1882 Erbic
832 1810 956 1884 tribuit
976 1811 1065 1898 Deo,
1078 1812 1256 1900 Dubricio,

125 1927 277 2012 Teliauo,
295 1935 335 2000 et
350 1926 527 2012 Oudoceo,
544 1928 634 1999 etin
649 1951 755 1999 manu
771 1927 931 2000 Trichani
948 1927 1121 2024 Episcopi,
1138 1931 1259 2002 villam

126 2043 311 2116 Gathouen
322 2043 388 2115 filii
398 2043 547 2128 Hindec,
559 2045 743 2116 cumomni
754 2067 860 2116 censu
873 2067 947 2129 suo„
962 2053 1000 2117 et
1008 2053 1086 2117 tote
1096 2046 1259 2119 libertate

126 2185 197 2246 sua
213 2162 382 2255 quamdiu
397 2160 485 2255 lapis
500 2162 606 2234 fuerit
621 2183 723 2257 super
738 2160 899 2255 lapidem.
949 2161 1007 2234 De
1019 2161 1172 2247 clericis,
1190 2170 1260 2234 tes·

126 2286 183 2350 tes
204 2285 285 2349 sunt
299 2277 490 2350 Triehanus
513 2275 713 2373 Episcopus,
735 2277 925 2374 catguaret
944 2278 1140 2373 praesbyter,
1166 2278 1258 2350 Gon·

127 2395 196 2479 fur,
215 2393 407 2480 Gurhauad3
432 2396 477 2466 de
501 2394 606 2480 laicis,
631 2395 748 2480 Erbic,
765 2394 984 2478 Oobrcidian,
1007 2394 1135 2480 Sentit,
1152 2393 1257 2479 Deui,

127 2510 282 2582 Eloibui.
331 2511 539 2605 Quicunque
561 2513 772 2596 custodierit,
794 2511 1032 2612 benedicetur3
1058 2511 1117 2604 qui
1139 2519 1259 2583 autem

126 2626 172 2698 ab
188 2627 334 2700 ecelesia
348 2627 535 2700 Laudaviae
551 2629 767 2721 separaverit,
791 2629 984 2700 eradicetur
1004 2625 1162 2698 funditus
1178 2649 1259 2698 cum

126 2743 299 2840 progenie
348 2741 478 2816 Amen.

557 3007 626 3080 Tm
642 3007 831 3081 Dmurvsa

176 3205 400 3279 Evidendum
417 3214 471 3279 est
487 3208 580 3302 quod
597 3206 761 3281 Fernuail
777 3180 921 3305 largitus
937 3217 991 3281 est
1006 3217 1135 3280 terram
1150 3209 1260 3280 unciae

128 3325 210 3419 agri,
227 3347 304 3417 quae
320 3332 464 3396 vocatur
474 3324 535 3396 Tir
547 3324 719 3398 Dimuner
730 3325 821 3397 circa
832 3327 975 3421 longum
988 3324 1131 3420 lignum,
1144 3347 1260 3396 coram

132 3440 322 3512 senioribus
338 3439 481 3525 Guenti,
499 3451 537 3513 et
552 3441 687 3538 Ercieg,
703 3451 846 3536 propter
865 3443 996 3514 malum
1018 3440 1110 3533 quod
1131 3441 1262 3518 fecerat

129 3557 305 3651 generatio
318 3557 393 3651 ejus
403 3558 443 3629 in
454 3557 601 3643 Cemeis,
614 3558 703 3644 Deo,
717 3566 753 3630 et
766 3558 906 3631 Sanctis
918 3557 1095 3639 Dubricio,
1107 3553 1261 3639 Teliauo,

131 3681 167 3744 et
178 3673 357 3759 Oudoceo,
368 3683 405 3747 et
417 3676 455 3747 in
465 3699 572 3747 manu
581 3674 742 3748 Trichani
753 3675 926 3770 Episcopi,
940 3682 978 3746 et
990 3672 1149 3745 omnibus
1161 3670 1262 3766 Epis·

131 3789 227 3882 copis
239 3788 425 3863 Laudaviae
436 3793 475 3862 in
489 3799 668 3886 perpetuo,
681 3801 719 3866 ct
731 3815 812 3865 cum
824 3773 886 3864 sua
897 3798 973 3862 tote
984 3789 1155 3860 libertate.
1205 3786 1263 3860 De

131 3905 283 3990 Clericis,
300 3915 408 3981 testes
420 3917 501 3980 sunt
513 3909 702 3982 Trichauus
714 3909 916 4004 Episcopus,
930 3906 985 3991 Ili,
1002 3904 1027 3977 J
1028 3927 1127 3988 ouen,
1149 3902 1263 3976 Guor-

131 4023 257 4108 cueith,
272 4022 425 4110 Gonboe
439 4025 575 4110 Elcuid,
590 4026 743 4111 Guoron,
755 4025 972 4109 Guorhabui3
998 4023 1042 4094 de
1057 4021 1163 4106 laicis,
1180 4018 1264 4092 Fer-

131 4139 233 4224 nuaii,
255 4138 420 4226 Oonmor,
446 4141 618 4228 cinuelin,
642 4141 796 4230 Amenn,
823 4141 951 4215 Heinii
970 4139 1062 4212 filius
1086 4136 1262 4210 Conscuit.

132 4253 356 4350 Quicunque'
375 4243 586 4344 custodierit,
609 4262 782 4332 custodiet
803 4260 904 4331 illum
926 4256 1039 4342 Deus3
1064 4254 1123 4350 qui
1145 4261 1263 4326 autem

133 4372 174 4444 ab
190 4374 340 4448 eeclesia
355 4373 541 4450 landaviae
557 4379 776 4471 separaverit,
793 4377 978 4450 anathema
993 4375 1048 4448 sit
1098 4370 1225 4444 Amen.

475 4787 519 4845 sa
532 4789 672 4860 apem.
692 4791 772 4848 uss
807 4790 887 4859 acus.
905 4788 942 4844 o.
