3336 5810
384 815 456 887 258
755 833 864 887 menn
886 833 1143 886 mnnuvnums.

383 1003 524 1098 spiravit
540 1024 599 1072 cor
614 999 800 1095 lapideum,
811 1001 994 1094 ingruente
1010 1003 1159 1094 quodem
1178 1003 1381 1078 infirmitate
1397 1029 1513 1102 corpo-

383 1121 438 1204 ris,
450 1117 597 1190 Grifudo
608 1117 699 1213 Regi
708 1117 906 1201 Britannice,
916 1127 954 1188 et
971 1119 1085 1212 (uteie
1098 1117 1226 1210 dicum)
1243 1121 1351 1193 totius
1369 1121 1515 1196 Guulliae

383 1237 428 1307 de
449 1235 519 1306 fine
541 1235 586 1306 ed
605 1234 721 1318 finem,
745 1242 783 1304 et
805 1231 1028 1304 calefactum¹
1052 1233 1203 1328 Spiritirs
1226 1234 1345 1308 Sancti
1371 1239 1513 1312 fervore.

383 1351 518 1424 Videns
540 1351 647 1446 igitur
669 1349 749 1422 Rex
771 1349 865 1442 quod
889 1357 1042 1443 potestus
1065 1350 1140 1442 ejus
1162 1351 1252 1422 sicut
1275 1351 1337 1424 llos
1360 1355 1456 1441 foeni,
1481 1365 1516 1428 et

382 1492 461 1540 coro
477 1475 519 1539 ut
535 1468 630 1551 cinis,
648 1473 793 1537 cunctus
808 1473 863 1537 est
878 1489 940 1559 pro
954 1466 1151 1538 transitorie
1166 1467 1357 1541 substantio
1371 1473 1516 1565 conqui-

381 1608 458 1656 rere
473 1605 619 1680 regnum
635 1583 796 1654 floridum
813 1581 887 1654 sine
903 1605 1032 1666 casura,
1050 1591 1088 1654 et
1104 1584 1244 1656 coeleste
1260 1587 1424 1680 gaudium
1440 1589 1517 1661 sine

380 1723 538 1786 moerore,
555 1710 593 1774 et
608 1700 759 1782 tristitie,
777 1706 912 1770 semota
927 1701 1022 1770 omni
1040 1701 1193 1792 penuria,
1211 1703 1434 1796 semetipsum
1453 1706 1518 1776 tri-

381 1817 492 1888 buens
504 1817 568 1888 sub
577 1816 665 1910 jugo
677 1815 900 1910 poenitentiae,
914 1823 951 1886 et
962 1816 1136 1910 poenitens
1152 1817 1275 1889 fecisse
1290 1841 1368 1911 quae
1383 1818 1515 1892 feceret

382 1941 503 2004 contra
522 1933 638 2004 divine
658 1939 832 2026 praecepta
853 1931 1011 2024 promisit
1031 1955 1068 2003 se
1094 1933 1360 2004 emendaturum
1381 1937 1516 2028 jejunio

381 2057 420 2121 et
436 2047 600 2132 oratione,
618 2055 656 2119 et
671 2046 898 2142 eleemosyna,
918 2071 1000 2119 eum
1016 2049 1158 2120 diversis
1174 2049 1325 2121 metallis
1349 2053 1516 2145 praetiosis

380 2165 512 2259 largitis
532 2165 577 2236 ab
600 2163 671 2248 illo,
697 2163 786 2247 Deo,
811 2163 929 2258 egenis
945 2164 1067 2248 viduis,
1093 2173 1131 2235 et
1150 2165 1320 2259 orphanis.
1371 2165 1422 2239 Et
1444 2192 1515 2240 non

379 2283 592 2377 degenerans
615 2305 637 2353 c
660 2281 949 2374 praedecessorum
973 2279 1164 2364 nobilitate,
1187 2283 1329 2376 pietate,
1353 2293 1391 2356 et
1412 2284 1515 2382 lurgi-

380 2405 463 2482 tote
493 2393 617 2468 immo²
645 2399 795 2481 imitans,
822 2405 860 2468 et
887 2395 1088 2489 praecellens
1112 2398 1226 2492 rigore
1250 2407 1288 2470 et
1312 2399 1516 2474 fortitudine

380 2512 475 2586 ιιιιιι8
492 2523 614 2586 contre
634 2513 797 2586 barbaros
818 2511 956 2608 Anglos
977 2537 1023 2586 ex
1045 2536 1116 2585 une
1135 2521 1244 2608 purte
1268 2537 1405 2609 semper
1425 2517 1516 2613 fugi-

380 2632 480 2716 time,
497 2633 571 2704 viso
586 2631 675 2702 fecie
691 2652 753 2702 suo
769 2631 806 2701 in
822 2630 897 2701 ecio
912 2628 1006 2714 belli,
1024 2628 1119 2700 tum⁴
1132 2639 1253 2701 contre
1265 2630 1516 2707 Hibemienses

380 2749 611 2821 occidentales
626 2755 665 2820 et
677 2769 813 2841 semper
824 2746 973 2841 firgeoes,
987 2753 1065 2816 tum
1082 2755 1203 2818 contre
1217 2747 1398 2842 indigenas
1412 2751 1516 2824 solito

380 2889 476 2937 more
497 2859 702 2946 bellicosos,⁵
726 2871 805 2933 tum
829 2871 950 2934 contra
971 2862 1091 2935 Denos
1111 2863 1272 2948 marinos,
1293 2872 1372 2935 tum
1394 2876 1516 2941 contro

380 2981 568 3052 imulamm
581 2977 758 3050 Orcedum
774 2979 1000 3064 habitatorem
1026 2987 1064 3050 et
1079 3002 1215 3073 semper
1231 2981 1337 3052 versis
1354 2982 1462 3055 dorsis
1478 2985 1516 3056 in

380 3099 509 3192 fugem,
532 3104 570 3167 et
590 3095 728 3166 firmato
750 3095 881 3166 foedere
903 3095 948 3166 ad
969 3095 1108 3166 libitum
1130 3118 1232 3166 suum
1252 3097 1516 3190 pacificatos-

379 3211 543 3286 clamavit
554 3211 672 3282 omnic
682 3211 855 3282 territoria
872 3210 1058 3282 lundonie
1073 3210 1226 3283 ecclesie
1243 3211 1340 3284 Petri
1356 3215 1514 3309 apostoli,

378 3340 417 3403 et
432 3336 629 3402 senctomm
645 3327 880 3398 confessorum
896 3325 1065 3412 Dubrioii,
1078 3327 1221 3413 Teliuui,
1235 3337 1273 3401 et
1285 3327 1451 3416 Oudocei,
1469 3334 1515 3405 de

381 3447 476 3520 omni
494 3444 657 3540 parochie
672 3443 827 3536 ejusdem
843 3443 889 3514 ab
905 3444 993 3514 ostio
1010 3441 1413 3540 Torutyr⁶super1ipam
1431 3447 1514 3545 Guy

377 3589 488 3660 usque
500 3563 545 3634 ad
556 3563 667 3656 ripam
679 3555 791 3654 Tyui,⁷
803 3568 841 3631 et
852 3561 993 3654 insuper
1004 3557 1130 3632 terrus⁸
1143 3561 1297 3654 ejusdem
1312 3561 1515 3636 Leutelicu⁹

378 3705 488 3765 maur,
501 3678 673 3761 videlicet,
690 3685 728 3748 et
744 3675 844 3746 Penn
859 3675 950 3760 clun,
968 3699 1051 3748 cum
1066 3676 1186 3748 multis
1202 3677 1279 3748 aliis
1294 3678 1458 3765 ecclesiis,
1476 3691 1515 3754 et

379 3795 561 3868 telluribus
577 3796 648 3866 suis
664 3793 834 3876 omnibus,
851 3800 985 3863 etcum
1005 3791 1075 3864 illis
1095 3794 1132 3863 in
1153 3793 1420 3866 Brecheinnuc¹⁰
1435 3797 1513 3891 plu-

378 3911 482 3994 ribus,
499 3912 594 3981 utin
610 3909 836 4004 chirographo
852 3908 1117 3993 demonstretur,
1130 3933 1207 4003 quoe
1223 3911 1397 3983 habentur
1412 3922 1512 3985 extre

379 4027 532 4097 diocesin
547 4027 585 4096 in
600 4026 802 4120 episcopatu
818 4025 939 4097 Sancti
956 4025 1084 4111 Deum,
1101 4035 1139 4098 et
1155 4049 1236 4097 cum
1251 4026 1358 4098 toto¹¹
1372 4029 1511 4122 privile-

379 4144 445 4238 gio,
463 4149 505 4212 ut
524 4140 648 4238 melius
666 4141 734 4211 fuit
749 4149 907 4236 tempore
922 4143 1210 4236 predecessorum
1227 4167 1376 4228 suorum,
1392 4145 1511 4236 quieto

379 4267 418 4330 et
437 4255 623 4352 tranquilla
643 4257 688 4329 ab
710 4261 805 4329 omni
825 4258 933 4354 reguli
955 4261 1103 4347 servitio,
1121 4261 1187 4332 nisi
1203 4268 1340 4332 tuntum
1357 4260 1511 4334 cretione

415 4606 620 4678 wulfranno.
655 4606 786 4666 mmo.
821 4607 961 4668 Homo.
996 4609 1109 4683 lQuom
1123 4609 1157 4667 0.
1191 4609 1255 4668 ³Sic
1266 4609 1299 4667 0.
1311 4613 1457 4669 Bellrlrorre.
1474 4612 1513 4670 Η.

377 4695 581 4752 ⁶SieO.ltortio
593 4699 707 4752 narare.
726 4695 763 4752 H.
799 4697 909 4756 ⁷SieO.
923 4702 1028 4770 Tiupui.
1047 4698 1086 4756 H.
1120 4701 1234 4756 ⁸Tmur
1250 4699 1332 4756 deest.
1351 4699 1384 4756 Ο.
1409 4701 1513 4756 ‘’Lon-

379 4785 476 4839 tcilc'ou.
494 4783 530 4839 Ο.
566 4784 587 4823 ¹⁰
596 4785 779 4841 Brecdmiuuo.
798 4785 832 4841 Ο.
868 4785 887 4825 ¹¹
898 4787 942 4843 Sic
954 4787 989 4843 Ο.
1001 4793 1064 4844 tolo.
1082 4785 1120 4844 H.
