3318 5804
512 835 619 886 ursan
643 833 902 886 rsuosvsusrs.
1206 815 1276 888 147

129 1005 297 1103 (iyniali,1
315 1013 352 1076 et
368 1004 522 1076 ecolesiae
540 1001 735 1085 Laudarier,
753 1011 791 1072 et
808 1001 946 1072 Sanctis
960 1000 1137 1084 Dubricio,
1156 1008 1193 1071 et
1209 1001 1275 1073 Te-

133 1126 239 1206 iiauo,
253 1146 332 1194 cum
345 1144 407 1192 sua
420 1129 497 1192 tota
509 1121 682 1202 libertate,
697 1126 734 1190 et
750 1126 827 1190 tota
839 1119 1082 1189 communione
1099 1119 1136 1187 in
1154 1141 1276 1212 campo

133 1249 174 1312 et
194 1241 231 1310 in
251 1240 351 1322 silvis,
369 1234 517 1330 inaquai
534 1237 624 1308 etin
643 1236 788 1329 pascuis,
807 1235 967 1306 omnibus
983 1235 1222 1306 habitantibus
1239 1236 1277 1306 in

131 1363 310 1450 perpetuo.
363 1354 421 1426 De
439 1353 593 1436 Clericis,
611 1361 720 1424 testes
746 1360 836 1435 sunt,
862 1351 1049 1423 Oudoceus
1075 1351 1276 1447 Episcopus,

134 1469 287 1544 Concen²
296 1471 422 1544 Abbas
432 1471 583 1542 Cerbani
593 1471 701 1552 vallis,
714 1466 872 1564 Congen³
881 1466 1003 1540 Abbas
1013 1468 1132 1552 Ilduti,
1144 1469 1277 1564 Sulgen

15 1631 16 1646 ,
130 1589 254 1661 Abbas
271 1571 484 1684 Docguinni,
503 1587 633 1670 Maioc‚
652 1585 795 1680 Sulgen,
814 1583 965 1670 Colbrit3
991 1587 1035 1656 de
1051 1585 1158 1668 laicis,
1177 1584 1278 1656 Mor-

131 1715 210 1777 cant
238 1705 332 1788 Rex,
351 1703 554 1788 Grucinan,⁴
579 1703 764 1797 Guedgen,
787 1701 885 1785 Eleu,
913 1701 1029 1795 Petyr,
1056 1701 1194 1785 Rihedl,
1214 1701 1277 1772 Sa-

15 1889 16 1892 ,
129 1823 233 1906 muel,
258 1821 410 1916 Titguel,
433 1821 592 1904 Bleidcu,
613 1820 725 1902 Citoc,
744 1816 923 1891 Guelbui.⁵
972 1818 1043 1903 Qui
1061 1820 1273 1902 custodierit,
1340 1847 1341 1850 ¹

15 1915 16 2010 Ῑ
132 1939 307 2011 custodiat
327 1939 428 2008 illum
445 1936 557 2021 Deue3
584 1938 643 2030 qui
661 1945 780 2008 autem
797 1937 842 2006 ab
859 1936 1005 2008 ecelesia
1022 1935 1207 2007 Laudaviae
1224 1961 1277 2008 se·

133 2057 315 2149 paraverit,
330 2055 518 2126 anathema
531 2055 585 2126 sit.
636 2051 915 2124 Amen-Finis
927 2053 1027 2124 istius
1040 2054 1113 2146 agri
1126 2054 1232 2148 coepit
1245 2055 1278 2125 ic

133 2174 252 2256 bicen,
270 2173 339 2243 hoc
357 2180 421 2255 cst,
439 2195 460 2241 a
476 2173 565 2242 vado
581 2171 659 2241 rufo
676 2194 780 2264 super
795 2170 919 2241 rudlan
938 2169 1027 2253 Elei,
1045 2171 1089 2240 de
1105 2171 1186 2241 hinc
1204 2194 1277 2242 sur-

135 2312 212 2358 sum
224 2313 244 2360 c
256 2289 399 2384 regione
412 2313 476 2382 par
487 2288 611 2359 silvam
628 2311 731 2380 super
743 2287 886 2358 clivium
903 2287 996 2358 silvae
1009 2288 1176 2379 usquead
1193 2309 1275 2358 cruc

134 2405 239 2498 cysail
262 2407 358 2488 scoti,
377 2403 522 2475 exinde⁶
545 2406 636 2476 fossa
652 2405 830 2474 dividente
847 2427 982 2474 sursum
999 2427 1102 2495 supra
1117 2413 1275 2474 montem

134 2543 200 2614 per
215 2521 469 2614 longitudinem
486 2522 585 2592 fossae
601 2545 711 2613 usque
728 2522 772 2591 ad
789 2521 933 2603 fontem,
948 2521 992 2590 de
1005 2519 1102 2590 fonte
1115 2521 1276 2592 deorsum

132 2660 198 2730 per
214 2638 364 2730 spatium
380 2661 491 2730 usquc
507 2639 552 2708 ad
569 2635 690 2731 caput⁷
708 2635 941 2731 Olaudrycan⁸
957 2637 995 2706 in
1007 2637 1097 2708 valle
1111 2637 1201 2708 fossa
1214 2638 1276 2708 du-

131 2763 362 2846 centenaque
379 2756 424 2825 ad
442 2763 610 2837 montem,
628 2755 862 2826 descendente
878 2754 1039 2825 deorsum
1058 2776 1121 2846 per
1138 2754 1274 2837 fossam,

131 2893 191 2963 per
207 2870 468 2965 longitudinem
481 2872 525 2942 ad
542 2871 663 2964 talpon
680 2872 803 2942 brinan
819 2872 970 2943 adriam
986 2871 1104 2956 latam,
1122 2894 1184 2964 per
1199 2871 1274 2942 lo'n-

130 2987 328 3080 gitudinem
344 2988 420 3071 viae,
439 2988 530 3060 fossa
547 2990 707 3072 ducente,
726 2990 770 3058 ad
789 2988 877 3059 Elei.

552 3255 661 3326 Ltus
678 3256 862 3328 Ounocur.

179 3453 360 3540 Morcant,
380 3455 461 3527 Rex
479 3455 661 3540 Gleuissic,
678 3480 743 3550 pro
760 3453 985 3527 commercio⁹
1001 3457 1098 3548 regni
1116 3454 1274 3538 coelestis,

134 3594 211 3643 cunr
238 3571 375 3668 magnis
398 3573 593 3657 devotione,
617 3572 742 3644 humili
765 3581 802 3644 et
823 3573 974 3643 contrito
991 3571 1103 3654 corde,
1127 3571 1279 3641 reddidit

132 3685 298 3762 Oudocco
319 3689 505 3783 Episcopo,
525 3698 563 3760 et
580 3689 719 3762 Sanctis
736 3689 915 3772 Dubricio,
936 3696 974 3760 et
990 3687 1143 3770 Teliauo,
1167 3695 1204 3758 et
1221 3709 1277 3758 cc-

133 3804 241 3876 clesiae
267 3806 472 3890 Landaviae,
497 3808 535 3877 in
561 3808 692 3878 honore
718 3806 839 3878 Sancti
865 3806 962 3877 Petri
987 3806 1149 3888 fundata,
1176 3804 1277 3876 Lanu

133 3918 304 4007 Oudocui‚
326 3945 410 3993 curn
433 3921 496 3995 suri
515 3921 593 3994 tota
609 3923 790 4019 dignitate,
808 3931 942 3994 etcum
959 3931 1035 3994 tota
1051 3923 1223 4006 libertate,
1241 3929 1279 3993 et

133 4043 206 4112 tota
220 4040 475 4112 communione
492 4042 529 4110 in
546 4039 633 4111 silvis
649 4049 686 4112 et
707 4042 745 4110 in
761 4041 901 4135 campis,
919 4041 956 4111 in
977 4037 1068 4133 aqud
1084 4048 1121 4112 et
1142 4042 1179 4110 in
1201 4063 1279 4134 pae-

134 4155 212 4240 onis,
239 4165 384 4228 etcum
407 4165 557 4249 quatuor
573 4159 643 4228 suis
664 4159 870 4252 gurgitibus,
895 4167 1031 4254 etcum
1051 4159 1224 4229 coretibus
1240 4165 1279 4227 et

134 4273 233 4358 silvis,
259 4276 341 4346 sine
364 4273 482 4367 aliquo
505 4297 611 4346 censu
633 4275 697 4345 ulli
719 4274 851 4345 homini
874 4283 1021 4358 terreno,
1045 4276 1110 4346 nisi
1132 4274 1219 4358 Deo,
1241 4281 1280 4344 et

134 4391 288 4464 ecclesiae
303 4390 502 4476 Laudarier,
516 4393 553 4460 in
564 4400 742 4485 perpetuo,
748 4400 786 4464 et
802 4416 882 4462 cum
899 4392 1033 4487 refugio
1046 4415 1119 4475 suo,
1132 4399 1170 4462 et
1182 4390 1280 4462 velut

167 4625 304 4698 ioymss.
325 4627 362 4682 0.
397 4626 524 4683 mantea
543 4627 577 4683 Ο.
611 4630 734 4702 wopan.
753 4627 787 4686 0.
822 4630 990 4685 *orcanae
1009 4628 1043 4684 0.
1077 4629 1183 4698 ⁵Citoc,
1203 4631 1279 4684 Guel·

136 4714 185 4782 tui,
207 4715 321 4770 desunt.
350 4712 384 4768 0.
429 4713 530 4769 ‘Bria
558 4715 637 4773 MSS.
681 4718 746 4773 iSic
768 4718 801 4773 0.
823 4720 915 4785 capud.
943 4716 981 4772 H.
1024 4717 1218 4786 ⁸Clcudtytan.
1246 4716 1280 4772 0.

138 4796 325 4858 ’Commenta
347 4799 380 4855 Ο.

702 4917 727 4964 U
