3318 5804
375 779 451 850 212
749 795 859 846 mass
882 792 1144 844 usunnvsusus

377 971 514 1060 partem
538 962 647 1032 totius
671 962 746 1056 agri
771 959 978 1046 Oaimonou,
1004 960 1093 1044 Deo,
1119 965 1156 1030 et
1182 955 1320 1030 Sanctis
1337 959 1515 1045 Dubricio,

379 1079 533 1161 Teliauo,
551 1086 589 1148 et
606 1077 782 1161 Oudoceo,
799 1085 838 1146 et
857 1076 954 1148 Patri
978 1076 1160 1171 Episcopo,
1184 1084 1221 1147 et
1246 1079 1407 1150 omnibus
1429 1081 1517 1174 cpis-

381 1196 476 1290 copis
493 1193 679 1264 Laudaviae
696 1195 733 1264 in
748 1201 927 1287 perpetuo,
941 1217 1022 1265 cum
1038 1193 1373 1279 totasualibertate‚
1387 1205 1517 1267 etcum

380 1313 555 1384 coretibus
572 1311 652 1395 suis,
669 1310 743 1382 sine
758 1308 831 1380 ullo
845 1333 951 1382 censu
966 1311 1100 1381 homini
1116 1317 1264 1392 terreno,
1281 1313 1347 1382 nisi
1364 1313 1518 1384 ecclesia

232 1463 240 1469 ··
382 1429 577 1511 Laudaviae,
601 1427 839 1499 habitantibus
860 1427 991 1511 incolis,
1016 1434 1053 1498 et
1073 1427 1295 1512 habitaturis
1320 1429 1403 1498 data
1423 1452 1519 1500 com-

379 1547 547 1616 munione
564 1546 601 1616 in
617 1567 740 1637 campo
754 1551 791 1614 et
806 1545 844 1614 in
860 1543 964 1628 silvis,
982 1545 1019 1614 in
1035 1541 1126 1636 aqua
1143 1551 1180 1613 et
1195 1544 1233 1614 in
1248 1544 1391 1636 pascuis,
1410 1547 1518 1617 verbo

382 1672 421 1735 et
437 1685 605 1734 consensu
623 1661 768 1756 Nougui
781 1659 898 1755 Regis.
949 1658 1006 1731 De
1019 1658 1173 1743 Clericis,
1190 1667 1297 1731 testes
1312 1667 1393 1730 sunt
1410 1659 1521 1732 Pater

381 1777 585 1873 Episcopus,
604 1777 807 1872 Guorgonui
824 1776 917 1848 filius
930 1775 1093 1849 Guruetu
1105 1774 1228 1848 Abbas
1236 1776 1444 1849 Guentoniae
1460 1801 1521 1848 ur-

382 1896 446 1979 bis,
471 1894 581 1965 Diuin
602 1895 769 1977 sacerdos,
788 1892 945 1964 Dissaitb
961 1893 1081 1977 lector,
1098 1890 1225 1963 Aircot
1241 1893 1360 1977 lector,
1378 1893 1520 1965 Marchi

383 2010 475 2080 filius
492 2007 628 2103 Oatgen
644 2007 767 2081 Abbas
784 2009 939 2081 ecclesiae
961 2008 1081 2080 Sancti
1103 2008 1299 2092 Michaelis,
1322 2009 1522 2081 Loumarch

383 2133 421 2197 et
438 2123 565 2195 Bruin¹
581 2125 645 2196 filii
662 2124 775 2210 Duta3
802 2127 845 2196 de
862 2126 958 2198 laicis
970 2123 1076 2210 vero,2
1094 2124 1239 2220 Nougui
1252 2125 1342 2211 Rex,
1360 2125 1521 2199 Bledruis

384 2248 507 2312 tenens
533 2242 752 2336 evangelium
779 2241 948 2313 firmando
978 2243 1108 2313 donum
1130 2265 1241 2326 suum,
1265 2241 1465 2314 Bletcuurit
1484 2252 1522 2314 et

385 2356 537 2428 Riderch
550 2357 613 2429 filii
630 2357 801 2430 Enniaun.
854 2357 1079 2452 Quicunque⁸
1091 2359 1302 2442 custodierit,
1317 2360 1522 2432 benedictus

386 2475 445 2559 sit3
471 2475 530 2568 qui
547 2483 666 2547 autem
682 2475 872 2560 violaverit,
889 2476 1096 2548 maledictus
1113 2476 1168 2547 sit.
1218 2474 1347 2548 Amen.

660 2807 937 2882 (GULFRIDUS
971 2807 1244 2880 EPISCOPUS.)

779 2982 993 3057 Teumeson
1013 3003 1117 3056 nour.

435 3181 632 3253 Loumarch
655 3182 747 3254 filius
772 3183 976 3279 Oatguooan
1000 3185 1216 3278 depraedatus
1241 3190 1295 3254 est
1315 3180 1523 3276 Apergmen-

380 3299 468 3382 fior,
481 3305 518 3368 et
534 3299 628 3391 cepit
644 3298 765 3370 Eicolf
777 3300 888 3371 filium
901 3301 1033 3373 Ginhor
1049 3325 1130 3372 cum
1148 3300 1307 3371 omnibus
1327 3300 1399 3370 suis
1420 3301 1524 3372 rebus

386 3415 668 3509 supellectilibus,
695 3423 733 3487 et
761 3417 882 3488 bestiis
907 3417 1105 3488 domesticis
1131 3424 1168 3488 et
1193 3416 1458 3509 campestribus3
1485 3423 1525 3487 et

386 3532 478 3604 facta
498 3531 559 3602 illa
573 3533 767 3624 iniquitate,
785 3557 867 3604 cum
885 3531 994 3604 nimia
1010 3531 1062 3604 irai
1082 3543 1120 3605 et
1142 3533 1266 3616 lurore,
1289 3534 1327 3603 in
1348 3533 1524 3604 territorio

386 3647 596 3720 Sanctorum
618 3647 787 3734 Dubricii,
805 3650 949 3734 Teliaui,
968 3649 1135 3734 Oudooei,
1154 3657 1192 3721 et
1207 3649 1356 3742 refi1gio;
1381 3647 1524 3719 manda·

385 3766 439 3834 vit
451 3765 643 3859 Episcopus
657 3764 799 3838 Gulbrit
816 3768 958 3838 clericos
976 3767 1200 3838 ecclesiastici
1217 3765 1346 3836 ordinis
1363 3765 1408 3836 de
1430 3764 1524 3835 omni

385 3880 547 3972 parochia
567 3883 658 3952 infra
674 3881 818 3954 ostium‘
834 3883 977 3978 Taratyr
998 3907 1102 3977 supra
1121 3885 1233 3976 ripam
1250 3881 1341 3976 Guy,
1359 3889 1397 3953 et
1413 3883 1521 3973 ripam

387 3993 486 4087 Tyui,
508 3996 602 4089 apud
624 3996 909 4085 Lannoudochui,
934 4009 971 4071 et
993 4000 1113 4071 audita
1128 4001 1404 4095 congregatione,
1419 3995 1525 4067 simul

386 4117 424 4180 et
443 4110 596 4182 adunata
617 4135 679 4204 pro
702 4122 801 4187 tanta
822 4119 1101 4212 transgressione,
1126 4115 1322 4188 Loumarch
1344 4113 1525 4208 requisivit

385 4226 524 4297 veniam
547 4226 716 4300 inclinans
742 4253 778 4301 se
803 4233 848 4302 ad
872 4243 1010 4318 temam,
1036 4234 1136 4306 flexis
1164 4234 1320 4328 genibus,
1345 4241 1381 4303 et
1405 4227 1526 4301 effusis

387 4341 563 4415 lachrimis
583 4366 699 4414 coram
719 4345 903 4442 Episcopo,
925 4359 963 4421 et
983 4373 1099 4422 coram
1119 4351 1324 4444 antepositis
1346 4347 1448 4420 sacris
1470 4369 1527 4417 re-

386 4459 511 4552 liquiis,
529 4462 697 4547 crucibus,
718 4470 756 4534 et
778 4466 954 4559 cymbalis,
978 4466 1124 4539 offerens
1145 4490 1182 4539 se
1204 4488 1386 4560 passurum
1408 4472 1446 4536 et
1469 4487 1527 4536 ac·

476 4746 591 4808 ¹Brum.
612 4752 648 4808 0.
683 4754 867 4813 ²l'crodeost.
886 4757 919 4812 Ο.
954 4756 1043 4818 ⁸Qut.
1062 4757 1098 4813 Ο.
1134 4757 1381 4814 *Suomarium
1399 4751 1440 4809 Η.
