3316 5796
373 805 420 876 68
747 823 854 874 nmen
878 821 1137 872 nnnosvmvsrs.

373 1011 523 1080 corpore,
550 993 587 1057 et
607 988 773 1082 sanguine
794 986 873 1072 Dei,
899 998 936 1059 et
962 988 1105 1060 Domini
1132 985 1377 1079 Redemptoris
1400 990 1509 1059 nostri

372 1105 459 1176 Jesu
477 1103 614 1186 Christi,
641 1104 754 1176 aliena
778 1105 854 1188 fiat;
880 1113 985 1198 atquc
1010 1107 1047 1175 in
1071 1112 1230 1176 extremo
1256 1106 1418 1175 examine
1443 1106 1512 1175 dis-

373 1223 484 1294 trictae
509 1221 633 1293 ultioni
659 1222 844 1314 subjaceat.
904 1220 1049 1293 Cunctis
1074 1229 1193 1292 autem
1217 1220 1331 1290 eidem
1356 1221 1514 1293 ecclesiae

366 1341 464 1432 justa
480 1339 704 1422 servantibus,
721 1338 783 1409 fiat
799 1361 869 1431 pax
887 1337 1030 1408 Domini
1047 1339 1154 1409 nostri
1170 1335 1195 1406 J
1196 1359 1257 1407 esu
1269 1335 1408 1420 Christi,
1427 1361 1515 1429 qua-

374 1463 477 1526 tenus
494 1463 530 1525 et
545 1454 603 1524 hio
620 1455 772 1525 fructum
788 1455 888 1524 bonae
905 1456 1050 1526 actionis
1066 1455 1266 1546 percipiant,
1280 1461 1317 1522 et
1332 1453 1426 1546 apud
1442 1453 1515 1524 dis-

374 1568 534 1642 trictuml
550 1569 574 1641 J
575 1572 714 1642 udicem
730 1573 871 1664 praemia
888 1579 1023 1642 aetemae
1039 1573 1134 1664 pacis
1150 1571 1336 1640 inveniant.

425 1686 510 1757 Post
526 1686 600 1757 hoco
613 1688 762 1758 surrexit
775 1688 864 1770 Rex,
878 1689 1083 1758 circumiens
1095 1695 1212 1757 totum
1223 1687 1445 1769 territorium,
1459 1682 1516 1756 et²

374 1812 515 1896 portans
529 1803 747 1898 evangelium
764 1805 800 1873 in
814 1805 924 1887 dorso,
938 1827 1018 1874 cum
1031 1804 1176 1874 Clericis
1188 1803 1380 1874 ferentibus
1393 1825 1516 1872 cruces

375 1922 412 1990 in
428 1921 596 2004 manibus,
620 1921 777 1991 simulet
799 1921 974 2014 reliquias3
1000 1929 1038 1990 et
1060 1943 1196 2013 aspersa
1212 1943 1303 2012 aqua
1317 1919 1514 2002 benedicta,

375 2035 478 2106 simul
495 2059 576 2106 cum
598 2035 741 2128 pulvere
756 2039 948 2130 pavimenti
965 2037 1127 2118 ecclesiae,
1153 2037 1190 2106 in
1207 2035 1365 2107 omnibus
1384 2033 1513 2104 finibus

372 2153 546 2234 territorii,
568 2152 822 2244 perambulavit
842 2177 904 2246 per
920 2161 1050 2238 totum;
1077 2155 1159 2223 data
1178 2151 1418 2222 benedictione
1435 2172 1513 2221 om-

375 2268 476 2339 nibus
499 2270 748 2339 conservaturis
766 2269 1021 2363 eleemosynam
1037 2292 1119 2339 oum
1135 2270 1229 2338 omui
1251 2267 1415 2360 praediota
1437 2266 1514 2360 dig-

373 2385 484 2456 nitate
504 2385 684 2479 privilegii,
711 2393 749 2455 et
770 2386 905 2480 refugii,
930 2385 1175 2456 maledictione
1195 2391 1315 2454 sutem
1336 2384 1516 2455 violaturis

373 2505 411 2572 in
427 2525 554 2596 magno
571 2511 632 2573 aut
649 2504 686 2572 in
701 2502 849 2584 modico,
866 2511 908 2572 ut
924 2503 1127 2595 praedictum
1145 2510 1207 2572 est.

424 2619 561 2692 Videns
586 2628 704 2690 autem
723 2602 872 2689 Sanctus
897 2617 1085 2689 Dubricius
1110 2617 1303 2712 largifluam
1327 2624 1516 2710 potentum

372 2759 516 2806 manum
533 2758 616 2829 erga
636 2736 701 2806 sibi
718 2735 937 2805 commissam
955 2735 1147 2818 ecclesiam,
1173 2735 1321 2827 partitus
1342 2743 1396 2804 est
1413 2734 1517 2804 disci-

374 2851 488 2944 pulos;
504 2853 650 2922 mittens
663 2851 831 2943 quosdam
844 2851 1090 2944 discipulorum
1107 2847 1264 2921 suorum⁸
1276 2873 1339 2943 per
1351 2851 1517 2922 ecclesias

375 2967 441 3036 sibi
468 2967 575 3050 datas,
603 2975 640 3036 et
668 2967 874 3059 quibusdam
896 2967 1055 3038 fundavit
1078 2967 1249 3050 ecclesias,
1272 2975 1310 3037 et
1335 2967 1518 3060 ¹episcopos

375 3106 437 3176 per
467 3083 662 3153 dextralem
695 3082 921 3166 Britanniam,
956 3079 1221 3154 coadunatores⁴
1254 3084 1318 3153 sibi
1348 3084 1518 3154 ordinatis

374 3198 545 3292 parochiis
570 3201 648 3282 suis,
675 3200 1135 3283 consecravit—Danielem
1160 3197 1214 3270 in⁶
1239 3198 1452 3292 Episcopum
1478 3201 1517 3270 in

375 3313 602 3386 Baucorensi⁶
616 3316 766 3400 civitate,
781 3325 818 3387 et
834 3317 950 3410 plures
967 3317 1052 3388 alios
1065 3318 1208 3388 abbates
1224 3325 1262 3386 et
1278 3317 1517 3410 praesbyteros,

376 3455 457 3503 cum
474 3433 691 3504 inferioribus
708 3433 899 3518 ordinibus3
925 3433 1085 3504 Ildutum
1100 3435 1138 3502 in
1150 3433 1330 3504 Abbatem
1344 3433 1437 3526 apud
1454 3458 1519 3527 po-

376 3550 460 3619 dum
477 3557 640 3620 vocatum
657 3549 701 3620 ab
718 3551 843 3622 eodem
861 3551 1061 3621 Lennildut.

426 3663 541 3736 Locus
558 3664 713 3737 Mocrosi
731 3691 833 3760 super
850 3669 960 3761 ripam
978 3667 1069 3760 Guy,
1094 3689 1199 3760 quem
1220 3668 1326 3760 priori
1346 3675 1518 3761 tempore,

375 3782 499 3851 beatus
522 3783 574 3851 vir
594 3780 782 3854 Dubricius
804 3785 898 3877 prius
919 3783 1182 3866 inhabitaverat,
1209 3784 1299 3854 dono
1317 3792 1355 3854 et
1377 3807 1520 3856 conces-

376 3897 472 3966 sione
486 3895 639 3966 Moun'ci
653 3897 769 3992 Regis,
784 3908 821 3970 et
838 3900 1049 3994 Principum,
1064 3900 1165 3971 datus
1181 3908 1235 3970 est
1252 3900 1405 3971 ecclesiae
1423 3899 1518 3971 Lan-

377 4012 496 4094 daviae,
511 4019 548 4081 et
564 4014 757 4105 pastoribus
775 4017 844 4087 suis
861 4018 898 4087 in
914 4027 1098 4110 perpetuo;
1123 4026 1160 4087 et
1176 4026 1217 4087 ut
1233 4017 1293 4088 ifle
1309 4017 1401 4109 prior
1416 4015 1517 4087 locus

376 4129 557 4220 posteriori
575 4151 710 4221 semper
726 4133 879 4216 serviret,
893 4135 1081 4204 cumomni
1099 4157 1160 4204 suo
1173 4134 1355 4214 territorio,
1369 4139 1405 4202 et
1418 4134 1518 4202 omni

377 4245 548 4328 libertate,
566 4241 690 4317 libere⁷
707 4249 751 4319 ab
769 4250 864 4319 omni
880 4250 987 4344 regali
1005 4252 1144 4322 servitio
1161 4251 1198 4321 in
1213 4255 1393 4344 perpetuo.

413 4587 475 4642 ¹Sic
493 4587 527 4642 O.
544 4591 651 4644 dictum.
671 4589 710 4646 Η.
748 4591 803 4645 ²Ilt
821 4591 904 4647 deest.
923 4593 956 4648 0.
995 4594 1211 4662 ³Disoipolorcm
1227 4609 1337 4647 mmm
1355 4592 1463 4649 desunt.
1486 4593 1521 4648 0.

376 4673 422 4728 sed
440 4673 521 4729 hebet
538 4693 627 4730 corum
644 4677 701 4732 vice
718 4677 822 4732 ultimoe
840 4681 920 4736 vocis.
939 4681 973 4735 E.
1008 4681 1086 4736 ⁴Pro
1104 4683 1272 4749 coadjutores.
1291 4679 1326 4736 E.
1361 4683 1418 4736 ⁵112
1437 4680 1521 4737 deest.

377 4760 410 4814 0.
446 4761 634 4831 ⁶Banporemi.
653 4764 686 4820 0.
722 4765 824 4822 ⁷F0rte
836 4785 885 4839 pro
896 4770 966 4823 liber.
987 4768 1020 4824 E.
