3336 5810
394 845 468 920 254
763 861 870 915 muns
895 860 1150 913 nsunavsusrs.

396 1033 580 1128 presbyter
599 1027 835 1111 Lannmocha3
861 1028 905 1098 de
924 1027 1020 1098 laicis
1040 1049 1130 1109 vero,
1155 1026 1308 1098 Riderch
1331 1029 1409 1102 Rex
1431 1031 1519 1104 filius

397 1149 522 1232 Gistin,
534 1143 775 1240 Riuguailaun,
786 1143 906 1238 Bynus
917 1141 1009 1215 filius
1022 1141 1218 1226 Merohbiu,
1233 1143 1421 1219 Marchuid
1432 1148 1519 1220 filius

396 1263 520 1348 Joude,
541 1261 748 1334 hereditarii
764 1259 921 1343 Gucaun,
943 1257 1058 1330 Seisill
1073 1257 1165 1330 filius
1182 1259 1271 1330 Eleu
1287 1262 1332 1333 de
1348 1262 1521 1335 lannmo·

395 1381 471 1465 cha,
488 1378 596 1452 Glcui
615 1377 707 1450 filius
727 1375 921 1460 Fermarch,
942 1371 1063 1446 Enud¹
1085 1374 1176 1447 filius
1198 1374 1314 1460 Gloui,
1337 1377 1522 1451 Brechiaul

395 1495 487 1568 iiius
506 1493 686 1578 Guallauc,
710 1491 796 1565 Nud
817 1491 910 1564 filius
932 1489 1092 1585 Morgen
1114 1490 1253 1576 Tutleu,
1275 1492 1523 1589 Bledgurburr.

397 1612 605 1704 Quicunque
625 1609 836 1693 custodierit,
859 1608 1032 1680 custodiat
1052 1606 1153 1678 illum
1169 1607 1280 1694 Deus3
1305 1609 1364 1702 qui
1379 1633 1462 1682 vero
1479 1612 1525 1683 ab

398 1724 544 1802 ecclesii
559 1725 744 1798 Landauiae
759 1725 976 1820 separaverit,
992 1723 1177 1796 mathurus
1191 1726 1247 1796 sit
1297 1723 1425 1797 Amen

677 2052 966 2128 (HERWALDUS
988 2050 1250 2125 EPISGOPUS.)

568 2229 628 2301 Du
644 2245 939 2302 cousncmnouu
955 2223 1163 2298 Hnnwanm
1179 2225 1359 2298 Erncorr.

450 2429 641 2502 Prmstunte
656 2429 764 2501 totius
779 2434 943 2498 crectnrae
958 2425 1101 2498 visibilis
1117 2434 1154 2498 et
1168 2426 1357 2511 inuisibilis,
1371 2425 1528 2501 Auctore

398 2555 440 2620 et
449 2545 700 2629 Gubernatore,
713 2565 817 2637 quem
832 2565 943 2614 unum
959 2541 1229 2614 substantialiter
1241 2543 1441 2637 trinumque
1452 2567 1529 2639 per·

401 2663 565 2738 sonaliter
580 2663 617 2734 iu
632 2685 679 2748 se,
696 2669 734 2734 et
752 2683 815 2756 per
830 2681 868 2732 se
884 2657 1069 2730 subsistere
1084 2659 1255 2730 credimus
1271 2666 1308 2730 et
1323 2659 1530 2732 confitemur

400 2781 567 2852 universis
583 2778 783 2850 orthodoxe
798 2775 880 2846 fidei
896 2773 1086 2846 cultoribus
1104 2775 1332 2848 universalem
1347 2777 1429 2848 vitae
1443 2801 1530 2870 prae·

399 2897 508 2968 sentis
529 2895 802 2988 prosperitatem,
824 2899 862 2964 ct
884 2887 1097 2964 stematem²
1116 2891 1387 2964 immortalitatis
1407 2893 1530 2966 foelici-

400 3017 521 3084 tatem
572 3009 611 3081 N
612 3017 711 3080 otum
722 3009 769 3080 sit
779 3007 956 3080 benevole
966 3007 1157 3101 prudentiss
1172 2997 1363 3103 legentium
1378 3009 1446 3081 hoc
1459 3011 1530 3082 dic·

400 3134 528 3209 tamen,
539 3148 579 3198 ac
588 3123 859 3220 intelligentium
869 3124 962 3217 quod
972 3122 1120 3196 coelestr's
1129 3123 1253 3196 Pastor
1264 3125 1363 3197 ovilis
1372 3125 1530 3199 Ghristrrs

401 3242 583 3326 Dominus,
594 3241 691 3335 cujus
701 3237 941 3334 prouidentia³
950 3247 1055 3334 etque
1063 3241 1317 3335 dispensatione
1328 3250 1444 3314 totum
1456 3268 1531 3317 cor·

402 3383 467 3456 pus
483 3358 635 3432 eeclesias
651 3357 821 3429 terrestris
841 3357 973 3451 regitur
994 3379 1035 3427 ac
1056 3357 1257 3452 disponitur,
1278 3358 1447 3431 humilem
1468 3383 1531 3454 per

401 3474 526 3550 manius
545 3474 802 3572 impositionem
821 3472 953 3566 Joseph
970 3473 1132 3569 Episcopi
1154 3473 1339 3546 Laudarier
1355 3499 1530 3548 consecre-

403 3602 481 3666 tum
502 3594 539 3664 in
561 3591 774 3665 sacerdotem
796 3587 1033 3673 Herwaldum,
1053 3599 1091 3662 et
1109 3591 1201 3662 inter
1216 3589 1352 3686 Anglos
1367 3615 1439 3663 non
1456 3615 1530 3664 mo-

402 3712 481 3783 dico
496 3717 653 3804 tempore
669 3713 950 3790 commorantem,
968 3713 1095 3778 ettam
1110 3729 1226 3778 coram
1247 3707 1331 3800 ipsis
1347 3731 1452 3801 quam
1474 3733 1530 3781 co·

402 3849 477 3896 ram
499 3847 578 3910 sue,
601 3827 638 3897 id
659 3833 723 3908 est,
740 3822 947 3895 Ruunucae
968 3823 1082 3917 gentis
1103 3822 1341 3919 potestatibus,
1362 3825 1475 3919 gretie
1493 3834 1531 3897 et

402 3939 555 4011 moribus
576 3939 838 4034 praefirlgentem
860 3940 905 4010 ad
921 3938 1168 4011 sacerdotalem
1188 3939 1396 4035 dignitatem
1411 3939 1532 4011 foelici-

403 4051 694 4126 terLsndavensis
703 4055 853 4128 ecclesie
862 4055 944 4149 ejus,
953 4053 1109 4151 largiflue
1115 4055 1335 4128 miseratione
1343 4053 1533 4128 clementer

404 4167 557 4263 elegerit.
607 4168 714 4261 Cujus
729 4171 901 4243 unanimis
917 4171 1042 4244 electio
1057 4173 1102 4245 ab
1117 4173 1246 4244 invicto
1264 4172 1362 4268 Rege
1374 4171 1530 4256 (ruffino,

404 4282 591 4356 monarcha
606 4283 790 4356 Britonum
805 4287 1038 4382 proepollente
1055 4297 1092 4362 et
1108 4287 1302 4361 aMouricc
1318 4289 1389 4360 filio
1401 4286 1532 4376 Houel,

404 4400 698 4473 consentientibus
719 4403 921 4495 praesuiibus
941 4428 982 4477 ac
998 4405 1241 4490 sacerdotibus,
1263 4413 1369 4500 etque
1385 4406 1534 4478 doctori·

405 4517 470 4590 bus
492 4517 650 4590 omuibus
671 4525 771 4589 terrae
792 4521 1007 4613 primoribus,
1030 4545 1070 4594 ac
1093 4521 1326 4618 magnatibus3
1351 4531 1390 4596 et
1411 4521 1533 4595 confir·

622 4805 728 4863 ¹Euud.
746 4808 782 4863 Ο.
817 4807 984 4869 ²AEteuam.
1005 4811 1039 4870 Ο.
1073 4810 1251 4868 wracene.
1269 4809 1303 4866 Ο.
