3318 5804
525 728 632 782 uram
656 729 915 785 ussosvuusrs.
1214 715 1285 789 221

146 901 270 983 doceo,
284 907 322 970 et
336 899 374 970 in
389 896 597 971 manuNud
615 895 788 992 Episcopi,
806 906 844 970 et
860 899 1020 972 omnibus
1036 903 1288 977 suecessoribus

147 1018 223 1089 suis
238 1018 279 1086 in
295 1015 438 1087 ecclesio
454 1013 640 1086 Laudaviae
656 1015 693 1084 in
709 1023 888 1110 perpetuo,
905 1016 1025 1087 villam
1041 1016 1190 1103 Branuo,
1207 1044 1289 1092 cum

149 1133 291 1204 duobus
311 1133 435 1204 modiis
455 1139 565 1214 terrae,
590 1138 627 1202 et
649 1153 731 1201 cum
753 1129 817 1202 suci
838 1131 915 1203 toti
930 1133 1102 1218 libertate,
1126 1135 1200 1208 sine
1215 1136 1289 1208 ullo

149 1273 260 1322 censu
276 1248 337 1320 uili
355 1248 489 1319 homini
505 1256 654 1330 terreno,
671 1247 738 1318 nisi
759 1247 913 1320 ecclesiae
935 1248 1130 1335 Landcviae,
1153 1260 1191 1324 et
1212 1277 1290 1348 pas-

148 1367 283 1438 toribus
312 1365 398 1459 ejus
453 1360 518 1434 Et¹
546 1386 627 1434 cum
654 1386 696 1435 ea
725 1363 823 1434 dedit
850 1387 1013 1460 campum
1040 1368 1290 1441 monachorum

140 1484 247 1576 juxte
263 1503 397 1553 messes
410 1503 493 1574 oper
507 1479 621 1563 humr,
639 1487 677 1551 et
693 1501 774 1550 oum
790 1481 912 1553 aratris
928 1483 998 1554 suis
1014 1481 1052 1554 in
1063 1507 1147 1578 oper
1162 1484 1288 1557 humir.

147 1599 203 1672 De
220 1599 380 1680 Clericis,
397 1603 506 1668 testes
526 1602 608 1667 sunt
629 1594 718 1666 Nud
734 1595 936 1692 Episcopus,
955 1598 1085 1682 Conon,
1103 1598 1287 1686 Judnerth,

146 1710 393 1811 Equonimus,²
414 1710 578 1784 Lutmin³
604 1712 648 1783 de
670 1711 949 1799 Hennlantituic,
968 1715 1110 1788 Ooncan
1131 1717 1174 1789 de
1196 1718 1289 1790 Lan-

146 1834 255 1917 sulue,
280 1830 475 1902 Moilsereu
492 1831 536 1901 de
553 1828 765 1912 Leontimoi,
784 1827 907 1902 Eithin
923 1832 968 1903 de
985 1831 1219 1919 Garthbenni3
1244 1835 1289 1907 de

18 1995 19 2012 r
146 1950 251 2033 laicis,
270 1946 386 2018 Hiuel
403 1945 484 2016 Rex
500 1945 592 2018 filius
604 1945 678 2029 Ris,
693 1943 882 2031 Abrohom,
897 1947 1097 2034 Ciuarheru,
1112 1949 1288 2035 Salomon,

148 2065 285 2159 Conpit,
318 2061 518 2146 Genbresel,
544 2060 739 2156 Idguallon,
771 2061 962 2147 Guorhitir,
992 2064 1167 2138 Judnerth
1196 2067 1288 2140 filius

148 2179 309 2276 Auagon
343 2178 453 2250 Meie.
508 2176 718 2271 Quicunque
745 2181 957 2265 custodierit,
987 2183 1160 2253 custodiet
1188 2181 1290 2252 illum

148 2296 259 2382 Deus;
284 2297 349 2391 qui
375 2302 494 2367 autem
515 2295 560 2367 ab
581 2294 728 2368 ecclesia
753 2294 939 2368 Laudaviae
964 2300 1183 2391 separaverit,
1209 2321 1289 2370 ana

148 2413 264 2486 theme
280 2415 340 2486 sit.

438 2739 718 2813 (crunrursuc
742 2741 1006 2816 muscosus)

507 2913 618 2986 Lsuu
634 2913 946 2989 Mmummumos.⁴

197 3113 405 3188 Brochmaii
425 3113 517 3185 filius
534 3113 676 3185 Mouric
692 3115 790 3186 dedit
809 3139 873 3210 pro
889 3118 1006 3188 anima
1021 3140 1092 3202 sua,
1110 3118 1292 3190 ecclesium

149 3231 292 3306 Sanctae
310 3230 445 3315 Mariae,
464 3229 552 3316 Deo,
577 3239 614 3302 et
630 3229 769 3302 Sanctis
786 3231 964 3319 Dubricio,
981 3233 1134 3319 Teliauo,
1158 3243 1196 3306 et
1218 3234 1292 3305 Ou-

150 3350 268 3435 dooeo,
296 3370 379 3418 eum
394 3347 506 3419 tribus
522 3347 648 3418 modiis
670 3348 744 3442 agri
767 3348 857 3420 circa
878 3373 926 3435 se,
949 3372 1054 3444 quam
1075 3351 1205 3444 primus
1228 3351 1293 3418 im-

149 3461 363 3539 molaverat⁵
385 3463 465 3534 filiae
485 3485 554 3534 suae
570 3463 779 3558 virginitatis
796 3466 1015 3550 castimoniae,
1033 3474 1071 3538 et
1092 3467 1130 3536 in
1149 3463 1293 3535 moniali

149 3583 328 3654 velamine
344 3579 516 3674 perfectae,
533 3587 574 3649 ut
590 3580 640 3650 ibi
660 3579 835 3651 habitaret
852 3581 980 3652 ducens
996 3581 1105 3652 vitam
1122 3603 1220 3652 suam
1236 3604 1293 3652 us-

151 3722 219 3790 que
241 3698 292 3770 ad
314 3704 475 3768 mortem.
527 3694 615 3782 Quae
632 3697 778 3792 decepta
799 3695 969 3768 diabolico
985 3697 1229 3781 admonitione,
1255 3706 1294 3769 et

18 3879 19 3918 3
148 3815 376 3910 suggestione
393 3814 537 3884 seducta
557 3819 621 3897 est,
647 3815 865 3906 opprimente
882 3835 959 3885 eam
973 3813 1291 3908 Etgar,iilioLeui,

18 3919 20 3980 ἶ
149 3939 186 4001 et
198 3938 375 4024 concepta
390 3927 584 4001 incestuose
600 3932 735 4024 peperit
751 3929 872 4013 filium,
886 3953 948 4023 per
964 3931 1061 4024 cujus
1077 3937 1216 4024 partum
1232 3931 1293 4003 do-

18 4039 20 4052 ’
149 4048 256 4120 ducta
282 4055 338 4118 est
360 4047 405 4117 ad
425 4046 617 4117 interitum.
667 4045 850 4118 Posthac
873 4046 1292 4120 footaestcoutentiode

151 4166 304 4237 ecclesie
323 4161 394 4244 iile,
420 4170 457 4234 et
473 4163 548 4255 ejus
563 4163 746 4247 territorio,
763 4163 856 4236 inter
872 4161 1071 4236 Brochmail
1096 4172 1133 4235 et
1151 4162 1294 4258 Episco-

151 4303 235 4372 pum
253 4276 478 4362 Giueiliiau03
504 4280 721 4373 congregatis
738 4281 897 4352 omnibus
913 4280 1055 4366 clericis,
1081 4288 1118 4352 et
1133 4281 1294 4352 omnibus

188 4596 388 4655 ¹Etdaest.0.
423 4597 625 4670 ’Equcaumua
642 4599 676 4658 0.
722 4603 839 4658 metim.
857 4599 892 4657 0.
934 4600 1132 4670 marpesso.
1149 4600 1183 4658 O.
1217 4601 1294 4658 ⁵Im·

154 4683 390 4742 molcoeratdccst.
408 4684 441 4741 0.
