<?xml version="1.0" encoding="UTF-8"?>
<!DOCTYPE html PUBLIC "-//W3C//DTD XHTML 1.0 Transitional//EN"
    "http://www.w3.org/TR/xhtml1/DTD/xhtml1-transitional.dtd">
<html xmlns="http://www.w3.org/1999/xhtml" xml:lang="en" lang="en">
 <head>
  <title>
</title>
<meta http-equiv="Content-Type" content="text/html;charset=utf-8" />
  <meta name='ocr-system' content='tesseract 3.04.00' />
  <meta name='ocr-capabilities' content='ocr_page ocr_carea ocr_par ocr_line ocrx_word'/>
</head>
<body>
  <div class='ocr_page' id='page_1' title='image "./liberlandavensi00reesgoog_0167.png"; bbox 0 0 3316 5796; ppageno 0'>
   <div class='ocr_carea' id='block_1_1' title="bbox 544 849 1308 918">
    <p class='ocr_par' dir='ltr' id='par_1_1' title="bbox 544 849 1308 918">
     <span class='ocr_line' id='line_1_1' title="bbox 544 849 1308 918; baseline 0.014 -11"><span class='ocrx_word' id='word_1_1' title='bbox 544 858 650 908; x_wconf 78' lang='lat' dir='ltr'>arnna</span> <span class='ocrx_word' id='word_1_2' title='bbox 677 859 935 912; x_wconf 73' lang='lat' dir='ltr'>nnsnnvnssrs.</span> <span class='ocrx_word' id='word_1_3' title='bbox 1241 849 1308 918; x_wconf 90' lang='lat'>111</span> 
     </span>
    </p>
   </div>
   <div class='ocr_carea' id='block_1_2' title="bbox 150 1021 1314 3104">
    <p class='ocr_par' dir='ltr' id='par_1_2' title="bbox 150 1021 1314 2027">
     <span class='ocr_line' id='line_1_2' title="bbox 150 1021 1312 1109; baseline 0.008 -16"><span class='ocrx_word' id='word_1_4' title='bbox 150 1031 268 1094; x_wconf 83' lang='lat' dir='ltr'>tatem</span> <span class='ocrx_word' id='word_1_5' title='bbox 295 1047 386 1093; x_wconf 90' lang='lat' dir='ltr'>cum</span> <span class='ocrx_word' id='word_1_6' title='bbox 416 1031 492 1092; x_wconf 89' lang='lat' dir='ltr'>toto</span> <span class='ocrx_word' id='word_1_7' title='bbox 517 1025 644 1093; x_wconf 90' lang='lat' dir='ltr'>mentis</span> <span class='ocrx_word' id='word_1_8' title='bbox 669 1021 796 1094; x_wconf 81' lang='lat' dir='ltr'>affectu</span> <span class='ocrx_word' id='word_1_9' title='bbox 822 1024 1010 1109; x_wconf 60' lang='lat' dir='ltr'>celebrate</span> <span class='ocrx_word' id='word_1_10' title='bbox 1037 1027 1217 1099; x_wconf 85' lang='lat' dir='ltr'>ecclesiam</span> <span class='ocrx_word' id='word_1_11' title='bbox 1245 1031 1312 1101; x_wconf 86' lang='lat' dir='ltr'>fre·</span> 
     </span>
     <span class='ocr_line' id='line_1_3' title="bbox 161 1139 1313 1233; baseline 0.009 -25"><span class='ocrx_word' id='word_1_12' title='bbox 161 1149 345 1232; x_wconf 81' lang='lat' dir='ltr'>quentate3</span> <span class='ocrx_word' id='word_1_13' title='bbox 373 1149 414 1210; x_wconf 89' lang='lat' dir='ltr'>et</span> <span class='ocrx_word' id='word_1_14' title='bbox 432 1139 620 1210; x_wconf 89' lang='lat' dir='ltr'>secundum</span> <span class='ocrx_word' id='word_1_15' title='bbox 637 1141 907 1233; x_wconf 87' lang='lat' dir='ltr'>uniuscujusque</span> <span class='ocrx_word' id='word_1_16' title='bbox 924 1141 1127 1214; x_wconf 73' lang='lat' dir='ltr'><strong>facultatem</strong></span> <span class='ocrx_word' id='word_1_17' title='bbox 1143 1144 1185 1215; x_wconf 90' lang='lat' dir='ltr'>de</span> <span class='ocrx_word' id='word_1_18' title='bbox 1199 1156 1313 1218; x_wconf 87' lang='lat' dir='ltr'>vestra</span> 
     </span>
     <span class='ocr_line' id='line_1_4' title="bbox 165 1256 1313 1358; baseline 0.01 -33"><span class='ocrx_word' id='word_1_19' title='bbox 165 1257 362 1327; x_wconf 80' lang='lat' dir='ltr'>urbstuntia</span> <span class='ocrx_word' id='word_1_20' title='bbox 380 1256 591 1350; x_wconf 88' lang='lat' dir='ltr'>pauperibus</span> <span class='ocrx_word' id='word_1_21' title='bbox 608 1264 759 1350; x_wconf 84' lang='lat' dir='ltr'>erogate,</span> <span class='ocrx_word' id='word_1_22' title='bbox 784 1258 822 1327; x_wconf 92' lang='lat' dir='ltr'>in</span> <span class='ocrx_word' id='word_1_23' title='bbox 839 1258 913 1350; x_wconf 87' lang='lat' dir='ltr'>ejus</span> <span class='ocrx_word' id='word_1_24' title='bbox 937 1260 1078 1330; x_wconf 90' lang='lat' dir='ltr'>nomine</span> <span class='ocrx_word' id='word_1_25' title='bbox 1103 1262 1162 1352; x_wconf 93' lang='lat' dir='ltr'>qui</span> <span class='ocrx_word' id='word_1_26' title='bbox 1187 1284 1313 1358; x_wconf 82' lang='lat' dir='ltr'>magna</span> 
     </span>
     <span class='ocr_line' id='line_1_5' title="bbox 168 1373 1312 1470; baseline 0.007 -28"><span class='ocrx_word' id='word_1_27' title='bbox 168 1374 293 1466; x_wconf 83' lang='lat' dir='ltr'>accipit</span> <span class='ocrx_word' id='word_1_28' title='bbox 313 1397 380 1466; x_wconf 91' lang='lat' dir='ltr'>pro</span> <span class='ocrx_word' id='word_1_29' title='bbox 398 1373 522 1466; x_wconf 84' lang='lat' dir='ltr'>parvis,</span> <span class='ocrx_word' id='word_1_30' title='bbox 540 1381 577 1442; x_wconf 89' lang='lat' dir='ltr'>at</span> <span class='ocrx_word' id='word_1_31' title='bbox 593 1395 699 1466; x_wconf 87' lang='lat' dir='ltr'>parva</span> <span class='ocrx_word' id='word_1_32' title='bbox 715 1396 778 1465; x_wconf 90' lang='lat' dir='ltr'>pro</span> <span class='ocrx_word' id='word_1_33' title='bbox 794 1375 943 1468; x_wconf 84' lang='lat' dir='ltr'>magnis3</span> <span class='ocrx_word' id='word_1_34' title='bbox 969 1375 1059 1446; x_wconf 90' lang='lat' dir='ltr'>sicut</span> <span class='ocrx_word' id='word_1_35' title='bbox 1079 1379 1213 1470; x_wconf 85' lang='lat' dir='ltr'>accepit</span> <span class='ocrx_word' id='word_1_36' title='bbox 1230 1381 1312 1450; x_wconf 88' lang='lat' dir='ltr'>cali-</span> 
     </span>
     <span class='ocr_line' id='line_1_6' title="bbox 169 1487 1312 1584; baseline 0.007 -26"><span class='ocrx_word' id='word_1_37' title='bbox 169 1512 242 1560; x_wconf 88' lang='lat' dir='ltr'>cem</span> <span class='ocrx_word' id='word_1_38' title='bbox 256 1513 357 1583; x_wconf 82' lang='lat' dir='ltr'>aquae</span> <span class='ocrx_word' id='word_1_39' title='bbox 370 1489 506 1584; x_wconf 81' lang='lat' dir='ltr'>frigidae</span> <span class='ocrx_word' id='word_1_40' title='bbox 518 1490 562 1560; x_wconf 91' lang='lat' dir='ltr'>de</span> <span class='ocrx_word' id='word_1_41' title='bbox 574 1489 720 1561; x_wconf 87' lang='lat' dir='ltr'>muliere</span> <span class='ocrx_word' id='word_1_42' title='bbox 734 1487 961 1573; x_wconf 81' lang='lat' dir='ltr'>Samaritana,</span> <span class='ocrx_word' id='word_1_43' title='bbox 979 1515 1019 1562; x_wconf 86' lang='lat' dir='ltr'>ac</span> <span class='ocrx_word' id='word_1_44' title='bbox 1033 1493 1061 1562; x_wconf 92' lang='lat' dir='ltr'>si</span> <span class='ocrx_word' id='word_1_45' title='bbox 1075 1494 1225 1566; x_wconf 78' lang='lat' dir='ltr'>dedisset</span> <span class='ocrx_word' id='word_1_46' title='bbox 1238 1498 1312 1566; x_wconf 86' lang='lat' dir='ltr'>auri</span> 
     </span>
     <span class='ocr_line' id='line_1_7' title="bbox 167 1605 1313 1702; baseline 0.007 -28"><span class='ocrx_word' id='word_1_47' title='bbox 167 1605 264 1676; x_wconf 90' lang='lat' dir='ltr'>mille</span> <span class='ocrx_word' id='word_1_48' title='bbox 281 1606 433 1690; x_wconf 86' lang='lat' dir='ltr'>talenta;</span> <span class='ocrx_word' id='word_1_49' title='bbox 459 1615 500 1676; x_wconf 93' lang='lat' dir='ltr'>ut</span> <span class='ocrx_word' id='word_1_50' title='bbox 516 1627 597 1676; x_wconf 91' lang='lat' dir='ltr'>eum</span> <span class='ocrx_word' id='word_1_51' title='bbox 622 1606 792 1676; x_wconf 86' lang='lat' dir='ltr'>imitando</span> <span class='ocrx_word' id='word_1_52' title='bbox 809 1607 846 1676; x_wconf 94' lang='lat' dir='ltr'>iu</span> <span class='ocrx_word' id='word_1_53' title='bbox 870 1609 969 1678; x_wconf 90' lang='lat' dir='ltr'>bonis</span> <span class='ocrx_word' id='word_1_54' title='bbox 986 1609 1156 1702; x_wconf 82' lang='lat' dir='ltr'>operibus,</span> <span class='ocrx_word' id='word_1_55' title='bbox 1181 1635 1313 1683; x_wconf 85' lang='lat' dir='ltr'>merea-</span> 
     </span>
     <span class='ocr_line' id='line_1_8' title="bbox 167 1721 1313 1819; baseline 0.005 -26"><span class='ocrx_word' id='word_1_56' title='bbox 167 1721 266 1793; x_wconf 88' lang='lat' dir='ltr'>mini¹</span> <span class='ocrx_word' id='word_1_57' title='bbox 280 1747 363 1792; x_wconf 90' lang='lat' dir='ltr'>oum</span> <span class='ocrx_word' id='word_1_58' title='bbox 376 1723 501 1793; x_wconf 88' lang='lat' dir='ltr'>eodem</span> <span class='ocrx_word' id='word_1_59' title='bbox 513 1723 651 1817; x_wconf 83' lang='lat' dir='ltr'>gloriari</span> <span class='ocrx_word' id='word_1_60' title='bbox 664 1723 701 1792; x_wconf 94' lang='lat' dir='ltr'>in</span> <span class='ocrx_word' id='word_1_61' title='bbox 714 1723 870 1816; x_wconf 89' lang='lat' dir='ltr'>supernis</span> <span class='ocrx_word' id='word_1_62' title='bbox 882 1725 1030 1808; x_wconf 88' lang='lat' dir='ltr'>sedibus,</span> <span class='ocrx_word' id='word_1_63' title='bbox 1043 1727 1229 1819; x_wconf 85' lang='lat' dir='ltr'>adjuvante</span> <span class='ocrx_word' id='word_1_64' title='bbox 1241 1729 1313 1800; x_wconf 94' lang='lat' dir='ltr'>Do·</span> 
     </span>
     <span class='ocr_line' id='line_1_9' title="bbox 166 1837 1314 1938; baseline 0.004 -28"><span class='ocrx_word' id='word_1_65' title='bbox 166 1841 264 1910; x_wconf 89' lang='lat' dir='ltr'>mino</span> <span class='ocrx_word' id='word_1_66' title='bbox 286 1847 406 1910; x_wconf 88' lang='lat' dir='ltr'>nostro</span> <span class='ocrx_word' id='word_1_67' title='bbox 427 1837 516 1910; x_wconf 89' lang='lat' dir='ltr'>Jesu</span> <span class='ocrx_word' id='word_1_68' title='bbox 532 1839 682 1922; x_wconf 84' lang='lat' dir='ltr'>Christo,</span> <span class='ocrx_word' id='word_1_69' title='bbox 709 1841 768 1931; x_wconf 92' lang='lat' dir='ltr'>qui</span> <span class='ocrx_word' id='word_1_70' title='bbox 794 1862 930 1934; x_wconf 81' lang='lat' dir='ltr'>semper</span> <span class='ocrx_word' id='word_1_71' title='bbox 946 1841 1041 1923; x_wconf 82' lang='lat' dir='ltr'>vivit,</span> <span class='ocrx_word' id='word_1_72' title='bbox 1068 1852 1104 1913; x_wconf 89' lang='lat' dir='ltr'>et</span> <span class='ocrx_word' id='word_1_73' title='bbox 1128 1853 1252 1938; x_wconf 88' lang='lat' dir='ltr'>regnat</span> <span class='ocrx_word' id='word_1_74' title='bbox 1277 1846 1314 1914; x_wconf 92' lang='lat' dir='ltr'>iu</span> 
     </span>
     <span class='ocr_line' id='line_1_10' title="bbox 166 1954 704 2027; baseline -0.004 0"><span class='ocrx_word' id='word_1_75' title='bbox 166 1956 294 2027; x_wconf 78' lang='lat' dir='ltr'>saecula</span> <span class='ocrx_word' id='word_1_76' title='bbox 311 1955 525 2027; x_wconf 85' lang='lat' dir='ltr'>saeculorum.</span> <span class='ocrx_word' id='word_1_77' title='bbox 576 1954 704 2026; x_wconf 88' lang='lat' dir='ltr'>Amen.</span> 
     </span>
    </p>

    <p class='ocr_par' dir='ltr' id='par_1_3' title="bbox 167 2072 1314 3104">
     <span class='ocr_line' id='line_1_11' title="bbox 217 2072 1313 2166; baseline 0.006 -25"><span class='ocrx_word' id='word_1_78' title='bbox 217 2072 262 2142; x_wconf 90' lang='lat' dir='ltr'>In</span> <span class='ocrx_word' id='word_1_79' title='bbox 279 2073 380 2164; x_wconf 89' lang='lat' dir='ltr'>cujus</span> <span class='ocrx_word' id='word_1_80' title='bbox 392 2074 465 2142; x_wconf 79' lang='lat' dir='ltr'>vita</span> <span class='ocrx_word' id='word_1_81' title='bbox 481 2073 589 2143; x_wconf 84' lang='lat' dir='ltr'>crevit</span> <span class='ocrx_word' id='word_1_82' title='bbox 603 2073 750 2143; x_wconf 87' lang='lat' dir='ltr'>ecclesia</span> <span class='ocrx_word' id='word_1_83' title='bbox 768 2072 953 2144; x_wconf 85' lang='lat' dir='ltr'>Laudaviae</span> <span class='ocrx_word' id='word_1_84' title='bbox 969 2097 1031 2166; x_wconf 88' lang='lat' dir='ltr'>pro</span> <span class='ocrx_word' id='word_1_85' title='bbox 1045 2077 1230 2147; x_wconf 79' lang='lat' dir='ltr'>sanctitate</span> <span class='ocrx_word' id='word_1_86' title='bbox 1242 2100 1313 2160; x_wconf 82' lang='lat' dir='ltr'>sua,</span> 
     </span>
     <span class='ocr_line' id='line_1_12' title="bbox 167 2189 1313 2281; baseline 0.003 -21"><span class='ocrx_word' id='word_1_87' title='bbox 167 2201 242 2260; x_wconf 83' lang='lat' dir='ltr'>tam</span> <span class='ocrx_word' id='word_1_88' title='bbox 265 2189 422 2259; x_wconf 89' lang='lat' dir='ltr'>moribus</span> <span class='ocrx_word' id='word_1_89' title='bbox 445 2211 549 2281; x_wconf 92' lang='lat' dir='ltr'>quam</span> <span class='ocrx_word' id='word_1_90' title='bbox 571 2189 737 2271; x_wconf 82' lang='lat' dir='ltr'>doctrina,</span> <span class='ocrx_word' id='word_1_91' title='bbox 763 2189 800 2258; x_wconf 91' lang='lat' dir='ltr'>in</span> <span class='ocrx_word' id='word_1_92' title='bbox 821 2190 974 2260; x_wconf 90' lang='lat' dir='ltr'>ecclesiis</span> <span class='ocrx_word' id='word_1_93' title='bbox 991 2199 1028 2260; x_wconf 87' lang='lat' dir='ltr'>et</span> <span class='ocrx_word' id='word_1_94' title='bbox 1051 2193 1231 2262; x_wconf 85' lang='lat' dir='ltr'>territoriis</span> <span class='ocrx_word' id='word_1_95' title='bbox 1248 2195 1313 2264; x_wconf 91' lang='lat' dir='ltr'>sibi</span> 
     </span>
     <span class='ocr_line' id='line_1_13' title="bbox 169 2305 1314 2402; baseline 0.003 -25"><span class='ocrx_word' id='word_1_96' title='bbox 169 2307 269 2390; x_wconf 84' lang='lat' dir='ltr'>datis,</span> <span class='ocrx_word' id='word_1_97' title='bbox 302 2329 383 2376; x_wconf 91' lang='lat' dir='ltr'>cum</span> <span class='ocrx_word' id='word_1_98' title='bbox 410 2307 506 2376; x_wconf 91' lang='lat' dir='ltr'>omni</span> <span class='ocrx_word' id='word_1_99' title='bbox 532 2305 694 2377; x_wconf 86' lang='lat' dir='ltr'>libertate</span> <span class='ocrx_word' id='word_1_100' title='bbox 719 2329 791 2389; x_wconf 88' lang='lat' dir='ltr'>sua,</span> <span class='ocrx_word' id='word_1_101' title='bbox 818 2306 990 2400; x_wconf 83' lang='lat' dir='ltr'>dignitate</span> <span class='ocrx_word' id='word_1_102' title='bbox 1015 2315 1052 2376; x_wconf 92' lang='lat' dir='ltr'>et</span> <span class='ocrx_word' id='word_1_103' title='bbox 1076 2309 1266 2402; x_wconf 87' lang='lat' dir='ltr'>privilegio,</span> <span class='ocrx_word' id='word_1_104' title='bbox 1292 2333 1314 2380; x_wconf 89' lang='lat' dir='ltr'>a</span> 
     </span>
     <span class='ocr_line' id='line_1_14' title="bbox 170 2422 1313 2518; baseline 0 -24"><span class='ocrx_word' id='word_1_105' title='bbox 170 2423 328 2518; x_wconf 76' lang='lat' dir='ltr'>Regibus</span> <span class='ocrx_word' id='word_1_106' title='bbox 349 2423 647 2515; x_wconf 76' lang='lat' dir='ltr'>contemporaneis</span> <span class='ocrx_word' id='word_1_107' title='bbox 670 2423 740 2493; x_wconf 83' lang='lat' dir='ltr'>suis</span> <span class='ocrx_word' id='word_1_108' title='bbox 756 2422 905 2494; x_wconf 84' lang='lat' dir='ltr'>Teudrie</span> <span class='ocrx_word' id='word_1_109' title='bbox 922 2423 994 2493; x_wconf 91' lang='lat' dir='ltr'>filio</span> <span class='ocrx_word' id='word_1_110' title='bbox 1011 2423 1196 2517; x_wconf 84' lang='lat' dir='ltr'>Teithpall,</span> <span class='ocrx_word' id='word_1_111' title='bbox 1225 2426 1313 2496; x_wconf 93' lang='lat' dir='ltr'>Idon</span> 
     </span>
     <span class='ocr_line' id='line_1_15' title="bbox 169 2537 1312 2635; baseline 0.001 -25"><span class='ocrx_word' id='word_1_112' title='bbox 169 2541 242 2611; x_wconf 89' lang='lat' dir='ltr'>filio</span> <span class='ocrx_word' id='word_1_113' title='bbox 261 2539 363 2634; x_wconf 80' lang='lat' dir='ltr'>Ynyr</span> <span class='ocrx_word' id='word_1_114' title='bbox 382 2547 503 2635; x_wconf 88' lang='lat' dir='ltr'>guent,</span> <span class='ocrx_word' id='word_1_115' title='bbox 522 2537 679 2610; x_wconf 86' lang='lat' dir='ltr'>Gurcant</span> <span class='ocrx_word' id='word_1_116' title='bbox 697 2537 814 2622; x_wconf 85' lang='lat' dir='ltr'>Maur,</span> <span class='ocrx_word' id='word_1_117' title='bbox 838 2538 1008 2622; x_wconf 87' lang='lat' dir='ltr'>Mailcun,</span> <span class='ocrx_word' id='word_1_118' title='bbox 1027 2538 1150 2611; x_wconf 87' lang='lat' dir='ltr'>Aircol</span> <span class='ocrx_word' id='word_1_119' title='bbox 1173 2541 1312 2624; x_wconf 88' lang='lat' dir='ltr'>Lauhir,</span> 
     </span>
     <span class='ocr_line' id='line_1_16' title="bbox 169 2655 1314 2752; baseline -0.002 -23"><span class='ocrx_word' id='word_1_120' title='bbox 169 2659 386 2752; x_wconf 87' lang='lat' dir='ltr'>Catgucaun,</span> <span class='ocrx_word' id='word_1_121' title='bbox 400 2655 570 2738; x_wconf 85' lang='lat' dir='ltr'>Tredecil,</span> <span class='ocrx_word' id='word_1_122' title='bbox 585 2655 685 2738; x_wconf 80' lang='lat' dir='ltr'>Rein,</span> <span class='ocrx_word' id='word_1_123' title='bbox 699 2665 737 2726; x_wconf 90' lang='lat' dir='ltr'>et</span> <span class='ocrx_word' id='word_1_124' title='bbox 753 2657 874 2727; x_wconf 89' lang='lat' dir='ltr'>multis</span> <span class='ocrx_word' id='word_1_125' title='bbox 887 2656 963 2726; x_wconf 87' lang='lat' dir='ltr'>aliis</span> <span class='ocrx_word' id='word_1_126' title='bbox 981 2655 1145 2750; x_wconf 81' lang='lat' dir='ltr'>Regibus,</span> <span class='ocrx_word' id='word_1_127' title='bbox 1160 2667 1196 2728; x_wconf 87' lang='lat' dir='ltr'>et</span> <span class='ocrx_word' id='word_1_128' title='bbox 1215 2657 1314 2727; x_wconf 86' lang='lat' dir='ltr'>Pn&#39;n-</span> 
     </span>
     <span class='ocr_line' id='line_1_17' title="bbox 168 2772 1313 2868; baseline -0.002 -22"><span class='ocrx_word' id='word_1_129' title='bbox 168 2776 304 2868; x_wconf 86' lang='lat' dir='ltr'>cipibus</span> <span class='ocrx_word' id='word_1_130' title='bbox 318 2773 486 2845; x_wconf 88' lang='lat' dir='ltr'>dextralis</span> <span class='ocrx_word' id='word_1_131' title='bbox 499 2772 703 2856; x_wconf 83' lang='lat' dir='ltr'>Britanniae3</span> <span class='ocrx_word' id='word_1_132' title='bbox 724 2781 763 2843; x_wconf 88' lang='lat' dir='ltr'>et</span> <span class='ocrx_word' id='word_1_133' title='bbox 774 2774 826 2844; x_wconf 92' lang='lat' dir='ltr'>ita</span> <span class='ocrx_word' id='word_1_134' title='bbox 837 2772 991 2844; x_wconf 86' lang='lat' dir='ltr'>ecclesiis</span> <span class='ocrx_word' id='word_1_135' title='bbox 1003 2774 1220 2844; x_wconf 81' lang='lat' dir='ltr'>nominandis</span> <span class='ocrx_word' id='word_1_136' title='bbox 1233 2797 1313 2844; x_wconf 91' lang='lat' dir='ltr'>cum</span> 
     </span>
     <span class='ocr_line' id='line_1_18' title="bbox 168 2889 1314 2983; baseline -0.001 -20"><span class='ocrx_word' id='word_1_137' title='bbox 168 2893 239 2963; x_wconf 90' lang='lat' dir='ltr'>suis</span> <span class='ocrx_word' id='word_1_138' title='bbox 256 2892 367 2973; x_wconf 88' lang='lat' dir='ltr'>terris,</span> <span class='ocrx_word' id='word_1_139' title='bbox 381 2898 419 2960; x_wconf 89' lang='lat' dir='ltr'>et</span> <span class='ocrx_word' id='word_1_140' title='bbox 437 2890 585 2972; x_wconf 90' lang='lat' dir='ltr'>dotibus,</span> <span class='ocrx_word' id='word_1_141' title='bbox 599 2912 679 2959; x_wconf 89' lang='lat' dir='ltr'>cum</span> <span class='ocrx_word' id='word_1_142' title='bbox 693 2889 819 2961; x_wconf 87' lang='lat' dir='ltr'>linibus</span> <span class='ocrx_word' id='word_1_143' title='bbox 832 2890 1041 2983; x_wconf 88' lang='lat' dir='ltr'>subscriptis,</span> <span class='ocrx_word' id='word_1_144' title='bbox 1056 2905 1093 2961; x_wconf 89' lang='lat' dir='ltr'>et</span> <span class='ocrx_word' id='word_1_145' title='bbox 1105 2891 1314 2962; x_wconf 90' lang='lat' dir='ltr'>testantibus</span> 
     </span>
     <span class='ocr_line' id='line_1_19' title="bbox 169 3007 444 3104; baseline -0.007 -26"><span class='ocrx_word' id='word_1_146' title='bbox 169 3007 336 3104; x_wconf 84' lang='lat' dir='ltr'>legitimis</span> <span class='ocrx_word' id='word_1_147' title='bbox 352 3007 444 3077; x_wconf 83' lang='lat' dir='ltr'>viris.</span> 
     </span>
    </p>
   </div>
   <div class='ocr_carea' id='block_1_3' title="bbox 170 3239 1316 4268">
    <p class='ocr_par' dir='ltr' id='par_1_4' title="bbox 170 3239 1316 4268">
     <span class='ocr_line' id='line_1_20' title="bbox 220 3239 1312 3335; baseline 0.001 -23"><span class='ocrx_word' id='word_1_148' title='bbox 220 3241 449 3335; x_wconf 82' lang='lat' dir='ltr'>Privilegium</span> <span class='ocrx_word' id='word_1_149' title='bbox 464 3239 584 3311; x_wconf 79' lang='lat' dir='ltr'>Sancti</span> <span class='ocrx_word' id='word_1_150' title='bbox 597 3239 730 3311; x_wconf 85' lang='lat' dir='ltr'>Teliaui</span> <span class='ocrx_word' id='word_1_151' title='bbox 744 3249 806 3324; x_wconf 89' lang='lat' dir='ltr'>est,</span> <span class='ocrx_word' id='word_1_152' title='bbox 820 3247 857 3311; x_wconf 88' lang='lat' dir='ltr'>et</span> <span class='ocrx_word' id='word_1_153' title='bbox 870 3239 1023 3312; x_wconf 83' lang='lat' dir='ltr'>ecclesiae</span> <span class='ocrx_word' id='word_1_154' title='bbox 1036 3265 1105 3313; x_wconf 84' lang='lat' dir='ltr'>suae</span> <span class='ocrx_word' id='word_1_155' title='bbox 1120 3241 1312 3324; x_wconf 84' lang='lat' dir='ltr'>Laudaviae,</span> 
     </span>
     <span class='ocr_line' id='line_1_21' title="bbox 170 3355 1315 3451; baseline 0 -23"><span class='ocrx_word' id='word_1_156' title='bbox 170 3359 294 3429; x_wconf 84' lang='lat' dir='ltr'>datum</span> <span class='ocrx_word' id='word_1_157' title='bbox 311 3359 387 3440; x_wconf 91' lang='lat' dir='ltr'>sibi,</span> <span class='ocrx_word' id='word_1_158' title='bbox 413 3365 450 3427; x_wconf 87' lang='lat' dir='ltr'>et</span> <span class='ocrx_word' id='word_1_159' title='bbox 469 3358 628 3428; x_wconf 90' lang='lat' dir='ltr'>omnibus</span> <span class='ocrx_word' id='word_1_160' title='bbox 649 3358 902 3429; x_wconf 87' lang='lat' dir='ltr'>successoribus</span> <span class='ocrx_word' id='word_1_161' title='bbox 922 3359 991 3428; x_wconf 88' lang='lat' dir='ltr'>suis</span> <span class='ocrx_word' id='word_1_162' title='bbox 1015 3359 1054 3428; x_wconf 92' lang='lat' dir='ltr'>in</span> <span class='ocrx_word' id='word_1_163' title='bbox 1078 3355 1270 3451; x_wconf 71' lang='lat' dir='ltr'>perpetuo,²</span> <span class='ocrx_word' id='word_1_164' title='bbox 1294 3383 1315 3428; x_wconf 91' lang='lat' dir='ltr'>a</span> 
     </span>
     <span class='ocr_line' id='line_1_22' title="bbox 172 3473 1316 3569; baseline -0.003 -23"><span class='ocrx_word' id='word_1_165' title='bbox 172 3475 329 3569; x_wconf 86' lang='lat' dir='ltr'>Regibus</span> <span class='ocrx_word' id='word_1_166' title='bbox 345 3475 430 3556; x_wconf 88' lang='lat' dir='ltr'>istis,</span> <span class='ocrx_word' id='word_1_167' title='bbox 449 3482 486 3544; x_wconf 89' lang='lat' dir='ltr'>et</span> <span class='ocrx_word' id='word_1_168' title='bbox 504 3473 722 3568; x_wconf 88' lang='lat' dir='ltr'>Principibus</span> <span class='ocrx_word' id='word_1_169' title='bbox 739 3473 938 3556; x_wconf 89' lang='lat' dir='ltr'>Britanniae,</span> <span class='ocrx_word' id='word_1_170' title='bbox 956 3475 1198 3544; x_wconf 86' lang='lat' dir='ltr'>confirmatum</span> <span class='ocrx_word' id='word_1_171' title='bbox 1218 3496 1316 3565; x_wconf 88' lang='lat' dir='ltr'>apos-</span> 
     </span>
     <span class='ocr_line' id='line_1_23' title="bbox 170 3587 1315 3685; baseline -0.003 -24"><span class='ocrx_word' id='word_1_172' title='bbox 170 3591 277 3662; x_wconf 87' lang='lat' dir='ltr'>tolica</span> <span class='ocrx_word' id='word_1_173' title='bbox 292 3591 501 3662; x_wconf 84' lang='lat' dir='ltr'>auctoritate</span> <span class='ocrx_word' id='word_1_174' title='bbox 517 3613 597 3660; x_wconf 91' lang='lat' dir='ltr'>oum</span> <span class='ocrx_word' id='word_1_175' title='bbox 615 3592 775 3662; x_wconf 89' lang='lat' dir='ltr'>omnibus</span> <span class='ocrx_word' id='word_1_176' title='bbox 792 3590 927 3685; x_wconf 89' lang='lat' dir='ltr'>legibus</span> <span class='ocrx_word' id='word_1_177' title='bbox 948 3590 1017 3660; x_wconf 91' lang='lat' dir='ltr'>suis</span> <span class='ocrx_word' id='word_1_178' title='bbox 1039 3591 1075 3659; x_wconf 91' lang='lat' dir='ltr'>in</span> <span class='ocrx_word' id='word_1_179' title='bbox 1098 3613 1134 3659; x_wconf 89' lang='lat' dir='ltr'>se</span> <span class='ocrx_word' id='word_1_180' title='bbox 1155 3587 1315 3682; x_wconf 85' lang='lat' dir='ltr'>plenariis</span> 
     </span>
     <span class='ocr_line' id='line_1_24' title="bbox 171 3704 1315 3802; baseline -0.003 -24"><span class='ocrx_word' id='word_1_181' title='bbox 171 3709 236 3778; x_wconf 87' lang='lat' dir='ltr'>sibi</span> <span class='ocrx_word' id='word_1_182' title='bbox 253 3716 292 3778; x_wconf 90' lang='lat' dir='ltr'>et</span> <span class='ocrx_word' id='word_1_183' title='bbox 312 3708 414 3778; x_wconf 90' lang='lat' dir='ltr'>terris</span> <span class='ocrx_word' id='word_1_184' title='bbox 431 3707 501 3778; x_wconf 89' lang='lat' dir='ltr'>suis</span> <span class='ocrx_word' id='word_1_185' title='bbox 518 3707 626 3778; x_wconf 88' lang='lat' dir='ltr'>libera</span> <span class='ocrx_word' id='word_1_186' title='bbox 642 3708 689 3777; x_wconf 88' lang='lat' dir='ltr'>ab</span> <span class='ocrx_word' id='word_1_187' title='bbox 705 3709 800 3778; x_wconf 91' lang='lat' dir='ltr'>omni</span> <span class='ocrx_word' id='word_1_188' title='bbox 821 3704 947 3802; x_wconf 81' lang='lat' dir='ltr'>regali³</span> <span class='ocrx_word' id='word_1_189' title='bbox 963 3706 1117 3789; x_wconf 90' lang='lat' dir='ltr'>servitio;</span> <span class='ocrx_word' id='word_1_190' title='bbox 1144 3706 1218 3776; x_wconf 90' lang='lat' dir='ltr'>sine</span> <span class='ocrx_word' id='word_1_191' title='bbox 1234 3728 1315 3775; x_wconf 92' lang='lat' dir='ltr'>con-</span> 
     </span>
     <span class='ocr_line' id='line_1_25' title="bbox 172 3822 1315 3916; baseline -0.001 -22"><span class='ocrx_word' id='word_1_192' title='bbox 172 3823 256 3908; x_wconf 87' lang='lat' dir='ltr'>sule,</span> <span class='ocrx_word' id='word_1_193' title='bbox 279 3824 354 3894; x_wconf 90' lang='lat' dir='ltr'>sine</span> <span class='ocrx_word' id='word_1_194' title='bbox 374 3823 588 3916; x_wconf 87' lang='lat' dir='ltr'>proconsule,</span> <span class='ocrx_word' id='word_1_195' title='bbox 610 3826 683 3894; x_wconf 88' lang='lat' dir='ltr'>sine</span> <span class='ocrx_word' id='word_1_196' title='bbox 705 3833 878 3895; x_wconf 82' lang='lat' dir='ltr'>conventu</span> <span class='ocrx_word' id='word_1_197' title='bbox 901 3825 995 3893; x_wconf 87' lang='lat' dir='ltr'>intus</span> <span class='ocrx_word' id='word_1_198' title='bbox 1020 3846 1084 3894; x_wconf 90' lang='lat' dir='ltr'>nec</span> <span class='ocrx_word' id='word_1_199' title='bbox 1108 3831 1217 3905; x_wconf 83' lang='lat' dir='ltr'>extra,</span> <span class='ocrx_word' id='word_1_200' title='bbox 1242 3822 1315 3893; x_wconf 88' lang='lat' dir='ltr'>sine</span> 
     </span>
     <span class='ocr_line' id='line_1_26' title="bbox 172 3939 1316 4035; baseline -0.001 -24"><span class='ocrx_word' id='word_1_201' title='bbox 172 3941 406 4034; x_wconf 86' lang='lat' dir='ltr'>expeditione,</span> <span class='ocrx_word' id='word_1_202' title='bbox 428 3941 502 4010; x_wconf 90' lang='lat' dir='ltr'>sine</span> <span class='ocrx_word' id='word_1_203' title='bbox 523 3939 697 4034; x_wconf 88' lang='lat' dir='ltr'>vigilanda</span> <span class='ocrx_word' id='word_1_204' title='bbox 719 3942 869 4035; x_wconf 85' lang='lat' dir='ltr'>regione,</span> <span class='ocrx_word' id='word_1_205' title='bbox 895 3948 932 4011; x_wconf 89' lang='lat' dir='ltr'>et</span> <span class='ocrx_word' id='word_1_206' title='bbox 957 3963 1038 4010; x_wconf 91' lang='lat' dir='ltr'>oum</span> <span class='ocrx_word' id='word_1_207' title='bbox 1062 3940 1158 4009; x_wconf 91' lang='lat' dir='ltr'>omni</span> <span class='ocrx_word' id='word_1_208' title='bbox 1177 3939 1316 4031; x_wconf 89' lang='lat' dir='ltr'>justitia</span> 
     </span>
     <span class='ocr_line' id='line_1_27' title="bbox 170 4057 1316 4151; baseline -0.002 -23"><span class='ocrx_word' id='word_1_209' title='bbox 170 4079 233 4128; x_wconf 73' lang='lat' dir='ltr'>stra</span> <span class='ocrx_word' id='word_1_210' title='bbox 249 4059 294 4129; x_wconf 91' lang='lat' dir='ltr'>de</span> <span class='ocrx_word' id='word_1_211' title='bbox 311 4057 389 4128; x_wconf 83' lang='lat' dir='ltr'>fure</span> <span class='ocrx_word' id='word_1_212' title='bbox 405 4065 442 4128; x_wconf 91' lang='lat' dir='ltr'>et</span> <span class='ocrx_word' id='word_1_213' title='bbox 459 4057 562 4140; x_wconf 82' lang='lat' dir='ltr'>firrto,</span> <span class='ocrx_word' id='word_1_214' title='bbox 581 4057 625 4128; x_wconf 87' lang='lat' dir='ltr'>de</span> <span class='ocrx_word' id='word_1_215' title='bbox 641 4059 769 4151; x_wconf 82' lang='lat' dir='ltr'>rapina,</span> <span class='ocrx_word' id='word_1_216' title='bbox 788 4058 832 4128; x_wconf 90' lang='lat' dir='ltr'>de</span> <span class='ocrx_word' id='word_1_217' title='bbox 847 4057 1045 4140; x_wconf 90' lang='lat' dir='ltr'>homicidio,</span> <span class='ocrx_word' id='word_1_218' title='bbox 1059 4058 1103 4128; x_wconf 87' lang='lat' dir='ltr'>de</span> <span class='ocrx_word' id='word_1_219' title='bbox 1115 4058 1258 4139; x_wconf 82' lang='lat' dir='ltr'>ursione,</span> <span class='ocrx_word' id='word_1_220' title='bbox 1273 4057 1316 4126; x_wconf 89' lang='lat' dir='ltr'>de</span> 
     </span>
     <span class='ocr_line' id='line_1_28' title="bbox 171 4173 1314 4268; baseline -0.003 -23"><span class='ocrx_word' id='word_1_221' title='bbox 171 4174 254 4257; x_wconf 83' lang='lat' dir='ltr'>rixa,</span> <span class='ocrx_word' id='word_1_222' title='bbox 274 4175 319 4245; x_wconf 90' lang='lat' dir='ltr'>de</span> <span class='ocrx_word' id='word_1_223' title='bbox 335 4175 512 4268; x_wconf 87' lang='lat' dir='ltr'>sanguine,</span> <span class='ocrx_word' id='word_1_224' title='bbox 531 4174 575 4244; x_wconf 89' lang='lat' dir='ltr'>de</span> <span class='ocrx_word' id='word_1_225' title='bbox 591 4173 726 4268; x_wconf 84' lang='lat' dir='ltr'>refugio</span> <span class='ocrx_word' id='word_1_226' title='bbox 743 4173 871 4244; x_wconf 87' lang='lat' dir='ltr'>violato</span> <span class='ocrx_word' id='word_1_227' title='bbox 884 4174 1013 4266; x_wconf 90' lang='lat' dir='ltr'>ubique</span> <span class='ocrx_word' id='word_1_228' title='bbox 1025 4175 1062 4244; x_wconf 94' lang='lat' dir='ltr'>in</span> <span class='ocrx_word' id='word_1_229' title='bbox 1079 4181 1171 4244; x_wconf 85' lang='lat' dir='ltr'>terra</span> <span class='ocrx_word' id='word_1_230' title='bbox 1184 4173 1314 4255; x_wconf 89' lang='lat' dir='ltr'>Sancti,</span> 
     </span>
    </p>
   </div>
   <div class='ocr_carea' id='block_1_4' title="bbox 172 4287 1329 4616">
    <p class='ocr_par' dir='ltr' id='par_1_5' title="bbox 172 4287 1329 4616">
     <span class='ocr_line' id='line_1_29' title="bbox 172 4287 1318 4382; baseline -0.002 -22"><span class='ocrx_word' id='word_1_231' title='bbox 172 4289 215 4360; x_wconf 87' lang='lat' dir='ltr'>de</span> <span class='ocrx_word' id='word_1_232' title='bbox 231 4287 363 4362; x_wconf 87' lang='lat' dir='ltr'>assaltu</span> <span class='ocrx_word' id='word_1_233' title='bbox 380 4290 524 4373; x_wconf 81' lang='lat' dir='ltr'>viarum,</span> <span class='ocrx_word' id='word_1_234' title='bbox 542 4299 579 4360; x_wconf 92' lang='lat' dir='ltr'>et</span> <span class='ocrx_word' id='word_1_235' title='bbox 596 4299 696 4361; x_wconf 84' lang='lat' dir='ltr'>extra</span> <span class='ocrx_word' id='word_1_236' title='bbox 712 4291 798 4374; x_wconf 79' lang='lat' dir='ltr'>vias3</span> <span class='ocrx_word' id='word_1_237' title='bbox 825 4291 868 4361; x_wconf 86' lang='lat' dir='ltr'>da</span> <span class='ocrx_word' id='word_1_238' title='bbox 885 4291 1042 4361; x_wconf 89' lang='lat' dir='ltr'>faciendo</span> <span class='ocrx_word' id='word_1_239' title='bbox 1053 4290 1186 4382; x_wconf 89' lang='lat' dir='ltr'>judicio</span> <span class='ocrx_word' id='word_1_240' title='bbox 1204 4298 1241 4360; x_wconf 93' lang='lat' dir='ltr'>et</span> <span class='ocrx_word' id='word_1_241' title='bbox 1256 4313 1318 4382; x_wconf 86' lang='lat' dir='ltr'>pa-</span> 
     </span>
     <span class='ocr_line' id='line_1_30' title="bbox 173 4405 1316 4499; baseline 0.002 -25"><span class='ocrx_word' id='word_1_242' title='bbox 173 4407 299 4492; x_wconf 85' lang='lat' dir='ltr'>tiendo,</span> <span class='ocrx_word' id='word_1_243' title='bbox 323 4408 368 4478; x_wconf 91' lang='lat' dir='ltr'>de</span> <span class='ocrx_word' id='word_1_244' title='bbox 390 4406 486 4477; x_wconf 93' lang='lat' dir='ltr'>omni</span> <span class='ocrx_word' id='word_1_245' title='bbox 507 4405 636 4499; x_wconf 92' lang='lat' dir='ltr'>populo</span> <span class='ocrx_word' id='word_1_246' title='bbox 654 4406 774 4478; x_wconf 84' lang='lat' dir='ltr'>Sancti</span> <span class='ocrx_word' id='word_1_247' title='bbox 791 4406 925 4478; x_wconf 86' lang='lat' dir='ltr'>Teliaui</span> <span class='ocrx_word' id='word_1_248' title='bbox 946 4409 982 4477; x_wconf 92' lang='lat' dir='ltr'>in</span> <span class='ocrx_word' id='word_1_249' title='bbox 1003 4407 1099 4478; x_wconf 89' lang='lat' dir='ltr'>curia</span> <span class='ocrx_word' id='word_1_250' title='bbox 1117 4405 1316 4488; x_wconf 81' lang='lat' dir='ltr'>Laudaviae3</span> 
     </span>
     <span class='ocr_line' id='line_1_31' title="bbox 176 4521 1329 4616; baseline 0 -24"><span class='ocrx_word' id='word_1_251' title='bbox 176 4522 217 4593; x_wconf 89' lang='lat' dir='ltr'>de</span> <span class='ocrx_word' id='word_1_252' title='bbox 232 4524 481 4596; x_wconf 89' lang='lat' dir='ltr'>communione</span> <span class='ocrx_word' id='word_1_253' title='bbox 497 4546 594 4615; x_wconf 83' lang='lat' dir='ltr'>aquae</span> <span class='ocrx_word' id='word_1_254' title='bbox 611 4532 648 4593; x_wconf 87' lang='lat' dir='ltr'>et</span> <span class='ocrx_word' id='word_1_255' title='bbox 668 4524 792 4608; x_wconf 83' lang='lat' dir='ltr'>herboe,</span> <span class='ocrx_word' id='word_1_256' title='bbox 811 4525 924 4616; x_wconf 88' lang='lat' dir='ltr'>campi</span> <span class='ocrx_word' id='word_1_257' title='bbox 941 4533 978 4594; x_wconf 90' lang='lat' dir='ltr'>et</span> <span class='ocrx_word' id='word_1_258' title='bbox 995 4523 1097 4607; x_wconf 74' lang='lat' dir='ltr'>silvae,</span> <span class='ocrx_word' id='word_1_259' title='bbox 1115 4521 1244 4616; x_wconf 88' lang='lat' dir='ltr'>populo</span> <span class='ocrx_word' id='word_1_260' title='bbox 1261 4543 1329 4592; x_wconf 59' lang='lat' dir='ltr'>ec:</span> 
     </span>
    </p>
   </div>
   <div class='ocr_carea' id='block_1_5' title="bbox 378 4809 1109 4880">
    <p class='ocr_par' dir='ltr' id='par_1_6' title="bbox 378 4809 1109 4880">
     <span class='ocr_line' id='line_1_32' title="bbox 378 4809 1109 4880; baseline 0 -18"><span class='ocrx_word' id='word_1_261' title='bbox 378 4810 475 4862; x_wconf 77' lang='lat' dir='ltr'>¹Jlere</span> <span class='ocrx_word' id='word_1_262' title='bbox 487 4813 577 4866; x_wconf 75' lang='lat' dir='ltr'>urtlrni.</span> <span class='ocrx_word' id='word_1_263' title='bbox 597 4810 631 4866; x_wconf 87' lang='grc' dir='ltr'>Ο.</span> <span class='ocrx_word' id='word_1_264' title='bbox 667 4811 855 4880; x_wconf 71' lang='lat' dir='ltr'>²Parpetuum.</span> <span class='ocrx_word' id='word_1_265' title='bbox 874 4811 907 4865; x_wconf 93' lang='lat'>0.</span> <span class='ocrx_word' id='word_1_266' title='bbox 943 4811 1057 4880; x_wconf 67' lang='lat' dir='ltr'>adepuli.</span> <span class='ocrx_word' id='word_1_267' title='bbox 1077 4809 1109 4862; x_wconf 86' lang='grc' dir='ltr'>Ο.</span> 
     </span>
    </p>
   </div>
   <div class='ocr_carea' id='block_1_6' title="bbox 0 0 1672 5796">
    <p class='ocr_par' dir='ltr' id='par_1_7' title="bbox 0 0 1672 5796">
     <span class='ocr_line' id='line_1_33' title="bbox 0 0 1672 5796; baseline 0 0"><span class='ocrx_word' id='word_1_268' title='bbox 0 0 1672 5796; x_wconf 95' lang='lat' dir='ltr'> </span> 
     </span>
    </p>
   </div>
  </div>
 </body>
</html>
