3316 5796
522 857 629 907 amna
654 856 913 908 nannavausrs.
1240 837 1288 909 99

138 1025 256 1096 sedin
275 1025 370 1095 nudo
388 1023 516 1116 templi
533 1025 734 1116 pavimento
751 1023 924 1117 prostrati,
943 1023 1058 1094 triduo
1075 1047 1195 1117 preces
1212 1049 1291 1097 suas

139 1143 446 1223 continuaverunt,
460 1141 546 1211 adeo
560 1141 716 1211 ooelestia
728 1139 1016 1233 contemplantes,
1028 1144 1122 1233 quod
1135 1150 1290 1213 terreno·

144 1281 223 1327 rum
242 1259 380 1351 peniths
408 1267 509 1328 erant
534 1257 767 1328 immemores,
820 1257 962 1328 Interea
986 1265 1082 1328 totus
1103 1259 1214 1329 clerus
1236 1267 1288 1330 at-

145 1373 240 1446 tenti
250 1375 474 1468 expectabat,
488 1375 547 1465 qui
558 1381 759 1443 sanctorum
770 1396 874 1465 quam
888 1375 1007 1444 sedem
1021 1377 1177 1446 oratione
1189 1377 1290 1447 finita

141 1491 205 1560 sibi
218 1491 401 1585 eligerent,
415 1498 458 1560 ut
475 1491 511 1558 in
523 1490 694 1560 electione
708 1491 843 1560 sedium
855 1498 1018 1560 notarent
1033 1492 1136 1584 (sicut
1149 1493 1288 1564 coelitirs

139 1630 201 1699 per
212 1608 380 1702 angelum
394 1608 589 1699 praemoniti
607 1605 760 1696 fuerant)
775 1630 881 1699 quem
897 1607 1037 1677 illorum
1051 1610 1184 1678 ceteris
1201 1633 1288 1702 prae-

140 1723 250 1794 latum
268 1726 536 1794 constituerent.
589 1723 701 1794 Erant
724 1724 819 1793 enim
845 1725 882 1792 in
904 1725 1047 1817 templo,
1069 1727 1114 1795 ab
1137 1727 1288 1818 antiquis

139 1842 366 1934 temporibus,
394 1849 466 1911 tres
491 1841 664 1910 cathedrae
686 1841 878 1911 senioribus
899 1842 1112 1925 constitutam
1139 1843 1215 1912 duae
1237 1843 1288 1911 di-

16 1987 17 2002 *
138 1959 244 2027 versis
265 1957 431 2039 metallis,
454 1964 491 2027 et
511 1957 600 2027 miro
622 1958 769 2027 artificio
791 1957 980 2041 fabricatam
1011 1959 1117 2029 tertia
1138 1961 1287 2041 cedrina,

16 2069 17 2096 ¹
137 2074 245 2144 nichil
268 2075 384 2144 ornati
409 2074 541 2144 habens
563 2075 789 2156 extrinsecus,
815 2081 941 2166 praeter
960 2074 1027 2144 hoc
1049 2076 1142 2168 quod
1163 2084 1289 2146 natura

136 2191 293 2260 dederat.
320 2190 439 2274 Quam
451 2190 621 2260 humilem
634 2190 777 2260 humilis
791 2190 897 2260 Eliud
910 2191 1017 2284 elegit
1030 2192 1095 2262 sibi
1109 2193 1146 2261 in
1158 2194 1287 2274 sedem,

136 2307 368 2398 praetiosiores
381 2308 575 2378 concedens
589 2308 763 2390 fratribus,
777 2315 918 2399 propter
930 2310 1172 2378 reverentiam.
1207 2309 1288 2393 Quo

138 2423 226 2503 viso,
246 2445 363 2493 omnes
383 2424 436 2494 illi
458 2425 518 2516 qui
539 2425 693 2507 aderant,
711 2425 913 2494 ceciderunt
934 2425 970 2492 in
988 2425 1093 2494 facies
1111 2449 1189 2495 suas
1206 2434 1288 2495 ante

139 2536 315 2608 Sanctum
333 2539 447 2622 Eliud,
466 2541 631 2623 dicentes,
651 2551 670 2580 “
678 2540 792 2622 Salve,
808 2538 954 2610 Sancte1
967 2541 1125 2611 Teliane!
1152 2551 1189 2614 et
1206 2566 1288 2613 con·

138 2655 261 2724 “cede
281 2663 320 2724 ut
339 2656 479 2727 valeant
500 2659 599 2728 nobis
620 2667 690 2727 tuae
713 2680 833 2749 preces
856 2658 949 2749 apud
972 2655 1179 2741 Dominum;
1206 2660 1289 2750 quia

137 2781 159 2810 “
168 2770 276 2841 hodie
288 2771 367 2864 plus
380 2775 515 2843 caeteris
528 2773 734 2844 sublimatus
748 2797 784 2843 es
798 2773 1028 2843 confratribus
1041 2775 1120 2856 tola,
1133 2775 1288 2845 residens

138 2889 205 2956 “in
223 2889 307 2958 sede
322 2887 469 2960 Domini
486 2891 594 2960 nostri
607 2889 631 2959 J
633 2915 694 2960 esu
708 2889 847 2972 Christi,
863 2891 899 2960 in
912 2913 981 2982 qua
993 2892 1149 2983 patribus
1161 2893 1288 2963 nostris

138 3006 381 3097 “praedicabat
394 3005 652 3101 regnumDei.''
704 3005 855 3077 Sanctus
867 3029 949 3077 vero
961 3007 1028 3078 hoc
1038 3009 1191 3091 audiena,
1206 3032 1288 3078 cum

136 3144 267 3216 magno
285 3131 427 3215 stupore
449 3125 608 3207 surrexit,
631 3131 668 3194 et
689 3125 858 3216 prostavit
880 3147 916 3194 se
939 3125 974 3193 in
996 3134 1134 3208 terram,
1157 3128 1285 3209 dicens,

138 3237 305 3308 “Beatus
321 3240 383 3321 vir,
401 3241 461 3332 qui
483 3263 554 3312 non
574 3241 661 3310 abiit
683 3242 718 3309 in
741 3241 884 3311 oonsilio
905 3241 1101 3333 impiorum,
1120 3250 1157 3312 et
1178 3243 1288 3312 invia

137 3365 396 3446 “peccatorum
413 3379 485 3426 non
501 3357 610 3439 stetit,
629 3365 666 3426 et
686 3357 723 3426 in
740 3357 906 3428 cathedra
922 3358 1130 3449 pestilentiae
1148 3382 1216 3427 non
1235 3381 1287 3427 se-

139 3467 272 3540 “(1ἰῖ.”2
313 3471 362 3541 Et
379 3473 583 3542 benedictus
601 3471 772 3555 Salvator,
791 3475 849 3565 qui
868 3475 932 3544 sibi
951 3474 1070 3544 sedem
1087 3473 1161 3542 fieri
1180 3473 1288 3565 elegit

139 3587 183 3655 de
200 3587 307 3680 ligno,
327 3590 386 3679 qui
403 3612 466 3681 per
483 3589 617 3682 lignum
635 3613 833 3660 succurrere
847 3589 957 3660 voluit
971 3589 1132 3680 pereunti
1144 3589 1285 3657 mundo.

138 3703 199 3772 Sic
217 3703 360 3774 humilis
376 3705 558 3775 humiliter
570 3705 753 3777 adorabat³
766 3707 977 3786 cathedram,
993 3707 1100 3774 immo
1114 3703 1286 3774 cathedrae

136 3843 322 3905 sessorem;
348 3846 390 3892 eo
408 3823 502 3914 quod
524 3831 682 3894 creatura
699 3825 936 3894 consideratur
953 3820 1127 3892 Creatoris
1145 3819 1288 3891 sedem.⁴

138 3936 246 4007 Unde
264 3941 412 4032 contigit
431 3941 525 4032 quod
547 3963 628 4010 eum
650 3949 867 4034 rogavemnt,
886 3947 1057 4031 quatenus
1075 3939 1119 4008 ad
1140 3939 1287 4009 instruc-

136 4056 273 4124 tionem
287 4055 457 4125 virtutum
474 4057 674 4148 parabolam
688 4057 739 4127 eis
752 4057 883 4127 diceret
900 4057 944 4127 de
958 4055 1107 4138 Christo,
1121 4065 1162 4125 ut
1180 4052 1287 4126 sicut⁵

136 4170 239 4242 illum
257 4173 415 4242 imitatus
432 4171 547 4242 fuerat
561 4174 597 4242 in
611 4173 775 4244 cathedra
787 4174 979 4255 residendo,
994 4197 1076 4243 eum
1090 4174 1286 4243 imitaretur

137 4290 172 4358 in
189 4288 421 4381 praedicando.
475 4288 546 4372 Qui
560 4289 680 4360 videns
693 4313 848 4360 amorem
862 4290 969 4360 divini
982 4290 1078 4360 verbi
1091 4289 1237 4383 flagrare
1250 4290 1287 4358 in

137 4405 300 4475 cordibus
313 4427 445 4486 eorum,
464 4405 552 4475 miro
565 4406 670 4476 modo
687 4406 953 4489 sollicitabatur3
979 4429 1048 4475 non
1065 4407 1159 4497 quod
1176 4406 1287 4474 nesci-

137 4530 188 4592 ret
210 4522 296 4614 quid
318 4522 473 4602 doceret,
495 4523 556 4592 sed
577 4522 761 4594 dubitabat
783 4524 876 4616 quod
898 4531 1113 4616 rogaverant,
1136 4521 1287 4613 qualiter

172 4809 372 4866 ¹Dcinddltur.
393 4811 429 4866 Ο.
467 4810 630 4866 ²Psol.i.1.
665 4813 843 4867 ³Adornnbnt.
863 4811 896 4866 Ο.
932 4812 1033 4868 *Sedet
1055 4810 1088 4864 Ο.
1124 4811 1195 4864 isio.
1214 4807 1248 4862 Ο.

703 4927 724 4972 O
