3318 5804
379 842 450 914 144
754 861 861 914 mssa
884 861 1141 912 nauosvrmsrs.

374 1037 455 1101 runt
467 1051 588 1100 omnes
599 1028 644 1099 ad
655 1030 786 1124 podum
799 1028 919 1099 Sancti
932 1025 1056 1112 liduti3
1073 1036 1111 1098 et
1123 1026 1226 1098 ambo
1239 1025 1406 1098 Morcant
1418 1028 1505 1111 Rex,

375 1154 412 1217 ot
431 1143 542 1228 Frioc,
558 1147 781 1238 presentibus
797 1143 866 1216 illis
882 1145 1051 1228 omnibus,
1072 1165 1176 1238 super
1192 1143 1300 1214 altare
1318 1143 1441 1215 Sancti
1458 1144 1507 1214 Il-

375 1260 470 1332 duti1
485 1262 686 1355 antepositis
708 1261 834 1333 sanctis
850 1261 1012 1352 reliquiis,
1032 1261 1235 1353 juravenrnt
1256 1261 1315 1343 ita,
1338 1268 1382 1329 ut
1404 1259 1507 1332 simul

375 1379 511 1450 firmam
532 1403 654 1473 paoem
676 1379 768 1449 inter
783 1400 820 1448 se
836 1377 910 1448 sine
926 1375 1006 1447 dolo
1022 1384 1197 1460 tenerent;
1222 1383 1257 1445 et
1276 1376 1327 1445 ita
1343 1376 1407 1447 tali
1425 1400 1508 1447 eon-

374 1495 547 1578 ventione,
559 1501 600 1564 ut
616 1496 646 1566 si
662 1517 751 1565 unus
766 1493 915 1566 aiterum
928 1494 1110 1576 occideret,
1124 1488 1201 1563 aut²
1217 1491 1250 1562 ci
1265 1492 1383 1562 dolum
1400 1493 1508 1563 infer-

374 1618 439 1696 ret,
464 1611 560 1682 nullo
582 1635 619 1682 se
638 1610 706 1682 aiio
728 1611 832 1682 modo
852 1609 1048 1693 redimeret,
1074 1632 1156 1704 agro
1178 1631 1243 1679 nec
1266 1616 1416 1703 argento,
1443 1609 1507 1678 sed

374 1751 521 1822 regnum
537 1751 638 1800 suum
655 1728 813 1820 quietum
829 1725 1003 1809 clamaret,
1021 1733 1059 1797 et
1075 1725 1183 1796 vitam
1199 1747 1297 1795 suam
1313 1731 1426 1794 totam
1443 1725 1508 1794 du-

376 1841 829 1940 eeretinperegrinatione.³
862 1841 948 1914 Post
959 1841 1112 1912 multum
1125 1865 1206 1913 vero
1219 1839 1403 1935 temporis⁴
1416 1843 1508 1936 (sua-

374 1960 480 2032 dente
498 1960 661 2052 Diabolo)
678 1959 806 2032 occidit
828 1959 909 2030 Rex
925 1957 1091 2030 Morcant
1108 1954 1209 2028 Frioe
1225 1966 1387 2052 patruum
1403 1979 1508 2028 suum

375 2075 470 2161 dolo;
495 2085 533 2148 et
549 2101 590 2148 eo
607 2078 729 2161 occiso,
743 2075 839 2148 venit
855 2075 936 2147 Rex
949 2073 1114 2146 Moroant
1130 2075 1175 2145 ad
1187 2072 1391 2146 Oudoceum
1404 2071 1507 2164 Epis-

374 2213 510 2284 copum,
523 2194 661 2265 veniam
676 2194 852 2285 requirens
865 2193 908 2263 de
920 2192 1070 2285 perjurio
1082 2191 1174 2262 facto
1187 2191 1291 2262 simul
1303 2212 1382 2261 cum
1393 2189 1506 2258 homi-

375 2309 465 2379 cidio
482 2317 689 2404 perpetrato,
706 2310 751 2380 ad
768 2309 949 2380 ecclesiam
966 2307 1189 2378 Laudaviam.
1241 2306 1290 2376 Et
1302 2305 1421 2376 audita
1432 2305 1507 2396 ejus

374 2425 553 2520 petitione,
576 2426 754 2497 mandavit
776 2424 967 2517 Episcopus
984 2423 1169 2496 Oudoceus
1189 2431 1331 2516 propter
1347 2419 1506 2492 Abbates

375 2543 483 2612 trium
503 2543 807 2638 congregationum
833 2563 982 2623 suarum,
1000 2536 1159 2611 Concen⁵
1176 2537 1355 2610 Abbatem
1371 2537 1504 2621 Oatooi,

375 2657 507 2753 Sulgen
524 2657 704 2731 Abbatem
723 2656 896 2740 Doounni,
918 2656 1064 2751 Congen
1080 2654 1258 2727 Abbatem
1281 2654 1401 2736 Ilduti,
1423 2676 1506 2724 cum

374 2776 445 2846 suis
461 2773 621 2846 Clericis⁶
637 2773 852 2868 congregatis
868 2773 905 2841 in
921 2773 1083 2842 nnumin
1099 2780 1218 2842 sancta
1239 2769 1369 2842 Sinodo
1395 2771 1506 2840 omni·

374 2889 439 2960 bus
459 2891 503 2960 ab
524 2887 629 2961 ostio⁷
648 2891 791 2982 Taratyr
806 2912 854 2983 yg
865 2886 947 2982 Guy
961 2911 1071 2981 usque
1087 2889 1131 2958 ad
1147 2883 1291 2958 ostium⁷
1307 2886 1405 2980 Tyui.
1458 2884 1509 2956 Et

374 3007 470 3074 venit
487 3005 567 3076 Rex
583 3028 664 3076 cum
680 3006 870 3076 senioribus
887 3002 1127 3087 Moreanhuc,⁸
1143 3004 1282 3075 obviem
1298 3003 1367 3073 illis
1384 3002 1429 3073 sd
1444 3025 1508 3094 po-

373 3120 458 3190 dum
475 3122 624 3192 Cerbani
641 3121 749 3203 vallis
767 3122 810 3192 ad
826 3122 1062 3215 recipiendum
1072 3121 1245 3212 judicium
1262 3119 1305 3189 de
1321 3118 1508 3189 malefacto

374 3259 446 3319 suo,
464 3260 545 3308 oum
561 3260 696 3308 summa
712 3238 957 3308 satisfactione:
984 3245 1021 3308 et
1037 3238 1140 3330 plena
1154 3235 1312 3318 Sinodus,
1325 3235 1509 3328 praesentia

374 3351 533 3426 Oudocei
546 3354 719 3449 Episcopi,
730 3355 901 3447 judicavit
916 3362 1057 3447 propter
1069 3353 1254 3424 orbitatem
1267 3353 1375 3446 regni,
1388 3375 1433 3422 ne
1444 3351 1508 3422 fie-

374 3480 429 3543 ret
451 3473 525 3543 sine
546 3480 750 3567 protegente
767 3469 903 3566 clypeo⁹
921 3470 1050 3541 domini
1067 3469 1242 3553 naturalis,
1260 3469 1509 3564 peregrinatio·

374 3613 456 3660 nem
477 3589 571 3661 illius
590 3589 741 3682 jejuniis,
760 3597 797 3659 et
813 3587 1033 3670 orationibus,
1051 3595 1088 3656 et
1104 3587 1310 3680 elemosynis
1324 3586 1507 3669 redimere,

374 3706 478 3778 simul
494 3729 575 3777 cum
591 3707 777 3777 homicidio
787 3695 975 3800 perjurium
992 3726 1191 3798 expurgare.
1243 3701 1293 3773 Et
1310 3702 1390 3772 Rex
1407 3701 1508 3772 Mor-

374 3829 456 3890 cant
480 3845 620 3893 assensu
644 3823 818 3893 seniorum
843 3819 1069 3904 Morcanhuc,
1097 3821 1214 3914 posuit
1240 3840 1383 3890 manum
1407 3839 1505 3888 suam

373 3958 478 4028 super
500 3945 648 4028 quatuor
672 3937 851 4032 evangelia
878 3945 916 4006 et
943 3935 1105 4030 reliquias
1130 3945 1335 4018 sanctorum,
1361 3941 1505 4004 tenente

370 4050 433 4121 illa
448 4049 579 4122 Sancto
596 4051 777 4136 Oudoce03
802 4060 840 4123 et
856 4053 1031 4146 promittit
1053 4053 1223 4146 imprimis
1244 4075 1281 4124 se
1303 4049 1505 4122 emendatu-

371 4190 450 4237 rum
468 4169 512 4238 de
528 4169 692 4261 praedicto
709 4169 859 4239 facinore
876 4168 981 4263 (sicut
1000 4169 1205 4262 praedictum
1221 4167 1287 4259 est)
1304 4165 1446 4259 jejunio,
1465 4173 1505 4235 et

373 4285 538 4368 oratione,
561 4293 598 4356 et
615 4285 846 4378 eleemosyna3
872 4291 908 4354 et
926 4285 1066 4379 insuper
1084 4286 1258 4379 promittit
1274 4306 1308 4355 se
1324 4303 1504 4374 nunquam

410 4557 577 4612 ¹Verba-ct
588 4557 660 4610 ambo
676 4557 798 4610 Moroont
814 4558 879 4624 Ber,
896 4563 921 4612 ot
936 4559 1024 4627 Frtoc,
1039 4557 1210 4626 parason
1226 4557 1278 4610 illo
1294 4551 1413 4609 omnibus
1429 4569 1509 4622 cuper

373 4646 492 4699 oltorcS.
504 4646 596 4711 Iusti,
614 4643 718 4697 omissa.
737 4642 773 4697 0.
807 4642 872 4698 ²Sic
890 4644 923 4698 0.
939 4662 984 4700 on.
1003 4645 1041 4700 H.
1076 4644 1141 4700 8Sic
1157 4643 1192 4698 0.
1207 4645 1449 4712 mortuorunm.
1468 4639 1507 4694 H.

373 4728 555 4801 staupum.
591 4727 763 4785 ⁵Cotuato.
797 4729 1365 4786 ⁶0.habatvocemomntbuohicinsertam.
1376 4726 1409 4781 B.
1444 4725 1509 4781 ⁷Sic

375 4818 410 4872 0.
422 4820 502 4872 hostio
513 4821 542 4872 at
553 4819 672 4872 tortium.
692 4814 730 4872 H.
764 4817 942 4873 ΒΜονοαπὴιιο
955 4817 1036 4874 deest.
1055 4817 1088 4873 0.
1123 4817 1188 4874 ⁹Sic
1200 4815 1233 4871 Ο.
1245 4815 1330 4884 clipeo.
1350 4813 1389 4870 H.
