3318 5804
571 803 680 857 aman
704 803 963 858 nrunsvnusrs.
1263 787 1335 860 239

192 983 277 1048 tote
298 974 472 1056 libertate,
494 973 568 1044 sine
583 970 656 1040 ullo
673 993 779 1041 censu
798 970 862 1041 ulli
881 970 1014 1042 homini
1033 979 1181 1056 terreno,
1198 971 1264 1043 nisi
1281 997 1338 1045 ec·

195 1091 317 1165 clesiae
343 1089 535 1173 landaviae,
561 1097 599 1161 et
622 1086 816 1183 pastoribus
839 1087 914 1180 ejus
934 1088 971 1158 in
994 1097 1177 1183 perpetum
1203 1098 1241 1161 et
1257 1090 1339 1163 data

197 1211 445 1281 comunione
468 1205 591 1278 incolis
614 1205 653 1275 in
676 1227 800 1297 campo
825 1212 862 1276 et
882 1206 919 1274 in
938 1206 1045 1298 aquis,
1071 1205 1109 1276 in
1129 1204 1230 1278 silva¹
1246 1208 1337 1278 etin

200 1325 346 1419 pascuis,
372 1333 410 1397 et
434 1346 516 1396 cum
539 1345 610 1393 uno
633 1322 761 1404 modio,
787 1328 825 1392 et
849 1321 1051 1392 semimodio
1076 1329 1186 1394 terrae.
1241 1321 1337 1396 Finis

199 1441 294 1512 illius
311 1447 375 1524 est,
393 1439 430 1512 A
447 1440 520 1512 lata
534 1440 591 1510 via
605 1437 777 1530 usquead
794 1459 875 1508 cruc
890 1437 974 1532 glas,
992 1446 1029 1509 ot
1045 1461 1067 1509 a
1082 1439 1157 1510 tref
1172 1441 1337 1513 marchen

199 1581 309 1650 usque
332 1557 380 1629 ad
401 1558 415 1626 i
436 1579 556 1652 gumn
606 1554 664 1625 De
680 1553 834 1636 Clericis,
856 1561 965 1626 testes
987 1562 1068 1625 saint
1086 1553 1219 1649 Josepb
1235 1555 1338 1649 Epis-

200 1697 319 1768 copuS,
343 1672 440 1744 Ruid
461 1673 627 1754 sacerdos,
650 1669 847 1765 Bleinguid,
868 1669 1062 1766 Tecguaret
1084 1672 1240 1744 sacerdos
1264 1672 1337 1746 Do-

200 1789 323 1874 cunni3
358 1790 402 1860 de
434 1789 541 1873 laicis,
570 1786 712 1859 Monric
739 1787 829 1871 Rex,
858 1786 1008 1871 Teudur,
1033 1786 1199 1873 Dissaith,
1231 1788 1336 1864 Etrit.

202 1906 412 1998 Quicunque
429 1905 641 1989 custodierit,
659 1905 832 1975 custodiat
847 1903 948 1974 illum
965 1902 1094 1989 Deus3l
1119 1905 1178 1998 qui
1194 1928 1276 1979 vero
1292 1909 1337 1980 ab

200 2020 348 2095 ecclesia
365 2021 551 2095 Laudariae
566 2021 784 2116 separaverit,
801 2020 988 2092 anathema
1003 2022 1058 2092 sit.

249 2256 400 2329 Familia
412 2255 559 2351 Etguini
576 2253 684 2350 Regis
697 2251 839 2337 (luenti,
856 2253 920 2324 filii
937 2252 1072 2338 Guriat,
1089 2254 1241 2352 litigavit
1257 2280 1338 2329 curn

199 2371 334 2445 familiai
345 2371 467 2443 Bledri
484 2369 647 2466 Episcopi
665 2370 860 2454 Laudavioe,
875 2369 914 2440 in
929 2379 1069 2442 tantum
1086 2374 1180 2464 quod
1196 2371 1339 2466 Episco-

201 2511 266 2582 pus
282 2489 377 2561 solus
392 2487 507 2582 litigio
524 2487 691 2571 interfirit,
714 2487 828 2557 mixto
844 2485 959 2558 furore
977 2486 1094 2570 nimio,
1112 2497 1150 2559 et
1171 2491 1338 2584 sanguine

200 2628 246 2677 ex
267 2613 417 2698 utraque
439 2611 553 2699 parte3
579 2611 617 2676 ct
637 2602 757 2674 volens
779 2603 908 2686 sedare,
930 2610 1025 2674 stans
1046 2604 1139 2674 inter
1153 2613 1337 2699 utramque

199 2721 321 2805 aciem,
347 2744 369 2794 a
393 2721 544 2814 quodam
569 2720 737 2792 scelerato
759 2720 833 2791 viro
855 2719 994 2790 familiae
1014 2719 1122 2815 Regis
1138 2720 1338 2794 vulneratus

199 2847 268 2923 sst;
293 2844 332 2909 et
344 2835 454 2908 effuso
466 2837 643 2932 sanguine.
694 2835 744 2908 Et
759 2844 975 2929 sequestrato
987 2834 1111 2931 litigio,
1124 2839 1221 2910 venit
1238 2838 1340 2933 Epis·

200 2977 308 3048 copus
328 2955 373 3025 ad
392 2952 616 3038 Landauam,
638 2960 676 3024 et
692 2954 788 3025 misit
805 2953 937 3049 legatos
958 2975 1037 3024 suos
1058 2977 1121 3047 per
1140 2977 1261 3026 omnes
1282 2979 1339 3028 ec-

201 3071 323 3143 clesias
344 3071 452 3142 totius
472 3069 642 3163 parochiae
658 3067 764 3142 infra³
780 3068 926 3141 ostium⁴
941 3068 1086 3164 Taratyr
1105 3093 1208 3165 super
1225 3072 1339 3166 ripam

203 3185 293 3281 Gay,
316 3195 354 3257 et
374 3183 519 3258 ostium⁴
543 3186 632 3280 Tyui
653 3187 784 3280 positae,
802 3194 839 3257 et
855 3187 1014 3258 adunatis
1031 3187 1191 3259 omnibus
1206 3187 1339 3260 clericis

202 3304 289 3374 sacri
301 3303 430 3374 ordinis
446 3303 539 3396 apud
557 3302 780 3387 Landaviam,
794 3303 831 3373 in
846 3302 951 3397 plena
962 3302 1092 3387 sinodo,
1107 3303 1190 3374 fecit
1203 3303 1340 3398 Regem

204 3415 506 3491 anathematizaril
526 3441 608 3490 cum
628 3426 706 3490 tota
727 3419 859 3490 familia
880 3441 956 3503 sua3
981 3426 1019 3489 et
1034 3419 1175 3511 reliquit
1189 3421 1339 3512 patriam

204 3535 337 3608 Guenti
360 3537 424 3608 sub
445 3533 700 3620 maledictione,
724 3543 761 3607 et
782 3537 857 3608 sine
878 3535 1062 3631 baptismo,
1085 3543 1122 3606 et
1138 3534 1254 3606 ablata
1273 3536 1338 3607 sibi

202 3659 280 3725 tota
292 3652 569 3725 Christianorum
583 3653 836 3724 communione.
871 3652 921 3724 Et
932 3674 1100 3748 posquam
1113 3651 1192 3722 Rex
1205 3651 1339 3747 Etguin

201 3769 336 3840 audivit
358 3778 494 3842 tantam
517 3793 679 3863 superse
701 3770 967 3853 submoiionem,
990 3777 1028 3840 et
1046 3769 1176 3842 factam
1196 3769 1271 3854 sibi,
1301 3777 1339 3842 et

201 3887 322 3978 patriae
334 3909 403 3958 suoe
415 3895 491 3958 tam
504 3886 736 3958 execrabilem
747 3883 1166 3970 excommunicationem,⁶
1182 3886 1340 3980 quaesivit

203 4003 344 4074 veniam
367 4025 448 4074 cum
469 3999 548 4074 tota
569 4001 702 4075 familiai
723 4001 795 4088 sui,
819 4013 856 4076 et
877 4003 1156 4076 malefactoribus
1178 4004 1339 4076 omnibus

201 4118 294 4210 apud
309 4118 536 4204 landaviam;
563 4121 648 4191 etin
663 4121 768 4215 plena
779 4121 899 4193 sinodo
915 4121 1135 4214 inquantum
1151 4120 1196 4191 ed
1212 4128 1340 4192 semet-

200 4231 316 4326 ipsum
337 4236 536 4328 pertinebat
552 4237 596 4308 de
612 4236 707 4309 facti
725 4235 860 4331 injurii,
883 4239 1018 4332 accepit
1032 4236 1285 4331 indulgentiam
1301 4243 1340 4306 et

200 4351 688 4448 remisdonempecoatorum3
713 4354 872 4427 adductis
884 4353 1268 4426 cnrdelibusvirisante
1279 4373 1341 4446 pe-

235 4603 288 4660 ¹In
305 4607 388 4677 silvis,
407 4609 440 4661 in
456 4623 535 4677 apte.
558 4605 593 4662 0.
636 4607 811 4679 'eamusque
830 4609 988 4677 maledicit,
1011 4607 1140 4662 suedas
1158 4607 1233 4660 idum
1254 4605 1339 4674 Darsa,

202 4693 294 4750 om
304 4701 371 4751 sunt
388 4695 418 4748 in
431 4693 514 4750 MSS.
548 4693 804 4768 llufteprointm.
821 4695 856 4750 E.
898 4693 963 4750 ⁴Sic
975 4694 1141 4751 odoratiora.
1160 4692 1199 4749 Η.
1241 4693 1338 4746 Mnu-

201 4778 374 4840 mecm.
395 4779 478 4837 MSS.
512 4780 579 4837 lSic
591 4783 624 4838 0.
642 4785 773 4839 moerebdt
790 4785 1056 4840 eceemmunioutioui.
1075 4780 1113 4838 Η.
