3336 5810
558 755 665 806 ursus
688 752 947 806 nsunsvrusrs.
1247 741 1319 814 249

180 930 218 999 in
231 923 328 1021 aqud
339 933 376 998 et
387 926 424 996 in
436 922 580 1019 pascuis.
625 921 682 992 De
695 920 846 1004 Cleriois,
860 929 968 992 testes
980 931 1062 994 sunt
1073 922 1098 993 J
1099 925 1204 1018 oseph
1219 925 1319 1021 Epis-

183 1067 304 1138 copus,
322 1041 415 1113 Ruid
431 1039 597 1121 sacerdos,
615 1034 746 1130 Joseph
762 1038 933 1122 sacerdos;
960 1039 1003 1110 de
1019 1040 1124 1124 laicis,
1139 1039 1319 1116 Mourious

185 1162 278 1244 Rex,
293 1160 461 1231 Garatauo
472 1156 565 1227 filius
578 1153 729 1236 Gulbrit,
744 1153 860 1224 Seisill
876 1154 983 1226 filius¹
997 1155 1165 1242 Gisterth,
1179 1159 1319 1232 Teudur

184 1277 279 1348 filius
295 1275 431 1370 Idguin.
482 1271 579 1342 Finis
602 1269 695 1340 illius
714 1278 777 1353 est,
804 1269 855 1340 Or
878 1273 1060 1366 poguisma
1084 1273 1137 1343 dir
1160 1299 1241 1346 eruo
1266 1277 1319 1347 dir

187 1392 266 1464 lech
285 1393 323 1461 in
341 1391 397 1460 bit
417 1391 429 1459 i
445 1389 515 1460 foss
531 1389 567 1458 di
590 1410 672 1458 earu
687 1385 856 1480 gistlerth,
874 1387 956 1457 biti
973 1388 1042 1460 foss
1058 1389 1177 1461 dicam
1192 1392 1323 1484 guooof

185 1509 266 1580 biti
283 1531 366 1578 carn
379 1506 434 1575 dir
448 1511 533 1575 nant
548 1504 603 1573 hit
618 1504 630 1572 i
647 1508 732 1573 nant
745 1503 951 1597 digurunmi,
968 1508 1129 1598 grmmmi
1146 1507 1248 1578 inibit
1264 1508 1319 1579 hit

183 1624 311 1720 gulioh,
330 1621 449 1717 gulioh
459 1617 564 1690 nihit²
576 1619 687 1690 iuinid
703 1641 792 1690 oann
807 1621 937 1691 teireru
951 1621 983 1690 ir
998 1622 1074 1714 ynis
1089 1645 1146 1693 rao
1162 1625 1318 1716 pouisma
1459 1647 1470 1670 ··

183 1743 274 1812 deui.
302 1739 510 1830 Quicunque
522 1735 733 1819 custodierit,
745 1736 916 1808 custodiat
928 1737 1028 1808 illum
1039 1738 1149 1824 Deus3
1168 1742 1226 1833 qui
1236 1765 1317 1814 vero

182 1858 228 1930 ab
244 1855 392 1928 eoolesia
408 1854 593 1926 Landaviae
610 1853 826 1946 separaverit,
844 1853 1029 1926 anathema
1045 1857 1099 1926 sit.
1149 1854 1277 1929 Amen.

432 2120 554 2192 Vnus
569 2139 731 2191 marsos
748 2139 862 2190 surus
875 2115 1075 2192 Naurum.

238 2319 420 2392 Mourious
443 2319 522 2390 Rex
544 2343 607 2413 pro
629 2319 794 2412 praediota
814 2320 1103 2413 prevaricatione,
1126 2322 1320 2396 immolavit

186 2439 275 2522 Deo,
292 2446 331 2509 et
347 2437 475 2508 sanetis
491 2437 671 2529 praedietis,
689 2444 726 2507 et
743 2435 895 2507 ecelesiae
912 2435 1106 2521 Laudaviae,
1125 2447 1161 2509 et
1176 2442 1321 2532 pastori-

183 2557 250 2626 bus
266 2555 341 2646 ejus
357 2553 579 2646 inperpetuo
595 2552 713 2624 villam
730 2551 881 2636 Fratms,
900 2561 937 2624 et
953 2575 1034 2623 oum
1050 2561 1125 2626 tota
1141 2577 1203 2626 sua
1219 2556 1321 2628 liber·

184 2679 270 2755 tate,
288 2679 327 2742 et
343 2671 426 2741 data
441 2669 698 2752 communione
724 2677 761 2740 et
782 2670 1028 2740 attestantibus
1047 2670 1236 2764 praediotis³
1252 2673 1321 2746 ole-

186 2789 276 2872 riois,
299 2794 338 2857 et
359 2785 470 2870 laicis3
496 2793 533 2856 et
553 2787 692 2878 insuper
708 2792 856 2878 quatuor
877 2785 982 2858 libras
998 2787 1131 2881 argenti
1148 2787 1320 2884 Episcopo

186 2903 210 2975 J
212 2903 329 2998 osepb,
347 2911 385 2973 et
403 2901 517 2973 multa
533 2902 623 2974 dona
639 2903 812 2973 canonicis
828 2903 911 2986 suis3
936 2911 974 2974 et
990 2926 1125 2997 semper
1141 2928 1178 2976 se
1193 2909 1322 3000 promi-

187 3023 235 3094 sit
250 3020 473 3093 obedientem
489 3018 651 3102 eeclesiae,
670 3026 707 3089 et
723 3019 882 3092 omnibus
904 3020 975 3090 suis
990 3021 1170 3094 territoriis
1186 3032 1322 3095 rectum

187 3137 441 3218 auxiliatorem,
454 3142 492 3206 et
503 3135 613 3205 fidum
625 3135 852 3206 defensorem.
903 3135 952 3206 Et
968 3137 1148 3209 benedixit
1160 3139 1240 3211 filiis
1252 3143 1322 3213 suis

188 3255 418 3348 Catguooaun
434 3259 471 3323 et
488 3250 561 3336 Ris,
578 3259 619 3321 ut
636 3251 782 3324 firmiter
804 3259 964 3323 tenerent
986 3256 1322 3327 commendationem

188 3394 298 3454 suam,
312 3377 350 3440 et
362 3368 616 3462 eleemosynam
632 3369 670 3438 in
684 3391 771 3461 paee
786 3369 912 3462 quieta,
930 3377 968 3440 et
984 3371 1143 3443 omuibus
1159 3372 1229 3442 suis
1244 3396 1322 3465 pos-

187 3483 346 3569 teribus⁴
367 3485 561 3579 nepotibus,
584 3485 839 3578 pronepotibus,
858 3493 894 3556 et
910 3487 1070 3557 omnibus
1092 3509 1162 3557 suae
1180 3510 1322 3581 genera
1462 3481 1463 3485 ’

186 3603 308 3686 tionis;
333 3609 371 3672 ot
394 3599 587 3684 maledixit,
612 3624 657 3672 ex
682 3601 750 3673 alia
773 3609 881 3694 parte,
899 3602 1059 3673 omnibus
1079 3604 1321 3695 superstitibus

187 3721 269 3804 suis,
283 3719 480 3812 quiermque
491 3717 630 3788 illorum
643 3717 888 3790 eleemosinam
903 3718 1103 3811 praediotam
1120 3719 1164 3789 ab
1176 3719 1322 3792 ecelesia

188 3835 386 3916 Laudarier,
403 3835 438 3903 vi
456 3841 494 3904 et
508 3833 622 3905 laioali
638 3834 823 3918 invasione,
847 3842 908 3906 aut
930 3833 1074 3905 subdola
1096 3835 1225 3919 fraude,
1249 3859 1322 3908 am-

185 3951 280 4046 plius
305 3951 547 4044 separaverint.
607 3949 736 4023 Amen.
796 3949 892 4022 Finis
917 3949 1010 4022 illius
1034 3957 1096 4034 est,
1123 3950 1322 4036 Ebirtbim⁵

185 4069 313 4140 deinde
330 4067 384 4138 dir
399 4089 490 4150 earn,
511 4090 550 4137 or
570 4089 652 4138 carn
672 4068 725 4139 dir
741 4066 844 4138 claud
867 4067 904 4137 di
928 4067 990 4138 ard
1013 4067 1044 4137 ir
1067 4066 1140 4151 allt‚
1166 4069 1324 4141 diusouid

184 4185 282 4256 itallt
293 4185 330 4254 ni
351 4184 405 4254 hit
422 4184 507 4254 diari
523 4183 602 4254 oelli
625 4184 716 4254 arbit
736 4183 799 4254 bet
821 4184 833 4254 i
852 4207 930 4276 pen,
947 4184 960 4252 i
976 4207 1069 4276 penu
1086 4184 1255 4279 diguairet
1272 4187 1324 4257 in·

186 4298 310 4372 hiaun⁶
330 4322 447 4371 versus
471 4321 632 4371 occasum
652 4299 783 4371 dirford
806 4322 914 4383 maur,
939 4308 1014 4371 trus
1038 4300 1050 4370 i
1070 4300 1147 4371 ford
1172 4301 1207 4372 di
1231 4326 1324 4395 penu

228 4610 420 4668 masadam.
433 4612 470 4667 Ο.
504 4612 566 4668 ²sic
579 4611 613 4668 0.
624 4615 698 4669 nibil.
712 4613 750 4668 Η.
787 4613 944 4668 ³Prcrdr'otio
954 4611 1036 4668 deest.
1050 4612 1083 4669 Ο.
1123 4611 1323 4681 ⁴Propoeteria

193 4697 226 4752 E.
257 4700 467 4758 mimimo.
502 4700 619 4755 llsluar.
637 4699 673 4756 Ο.
