3336 5810
362 733 435 807 276
829 753 1026 802 arrannrx.

363 921 424 990 dos
440 919 549 1002 testis,
569 916 700 1012 Nywys
717 919 825 1000 testie,
852 918 971 1014 Gwrgi
996 920 1105 1003 testis,
1131 919 1289 991 dehwl
1312 923 1427 1006 testim
1453 924 1499 992 de

363 1036 468 1118 laicis,
498 1033 677 1128 Kynwern
703 1035 812 1118 testis,
839 1032 1008 1128 Colhwyn
1033 1037 1142 1118 testis,
1169 1035 1360 1131 Kyhyrged
1386 1039 1497 1120 testis,

364 1149 486 1221 Ermin
515 1151 624 1221 testis.
679 1149 749 1235 Qui
775 1151 986 1234 custodierit,
1004 1152 1209 1224 benedictus
1229 1153 1305 1234 erit,
1323 1155 1384 1246 qni
1405 1155 1497 1226 fran-

363 1268 455 1339 xerit
471 1268 677 1338 maledictus
693 1267 789 1336 erit.”

416 1500 598 1573 Hactenus
621 1504 664 1572 de
687 1500 994 1582 Adnotationibns,
1011 1501 1049 1570 in
1065 1501 1131 1572 hoc
1153 1503 1350 1573 venerando
1372 1505 1417 1576 ob
1439 1528 1501 1576 ve-

366 1627 536 1690 tustatem
549 1620 678 1702 codice,
696 1619 741 1688 ab
762 1617 960 1687 hominibus
977 1615 1320 1689 Cambro-Britannia
1338 1623 1500 1705 exaratis,

366 1758 512 1828 quarum
532 1736 645 1830 prima
666 1736 710 1806 ab
728 1731 865 1817 Gelhio,
889 1733 949 1826 qni
972 1733 1072 1802 illum
1095 1731 1314 1806 [landavensi
1332 1735 1501 1809 Ecclesiae

366 1853 510 1935 dederit,
528 1853 649 1948 eadem
668 1853 741 1922 fere
756 1873 863 1920 manu
883 1849 1044 1920 scribitur
1059 1850 1202 1943 perinde
1219 1873 1260 1920 ac
1276 1853 1387 1925 codex
1405 1852 1503 1926 Bod-

365 1967 506 2050 leianus,
521 1969 619 2060 cujus
631 1975 714 2038 nota
727 1987 785 2037 aa.
799 1986 834 2036 n.
849 1987 887 2036 11.
903 1966 960 2038 19.
977 1967 1125 2058 ideoque
1138 1990 1216 2038 cam
1232 1968 1368 2039 ineunti
1382 1971 1502 2042 seculo

365 2107 457 2154 nono
470 2085 733 2176 adjudicandam
746 2106 879 2154 censeo.
930 2081 984 2153 Ea
1000 2107 1076 2176 quae
1093 2091 1284 2177 sequuntur
1299 2085 1392 2156 haud
1410 2087 1504 2158 mul-

365 2210 403 2270 to
428 2201 635 2272 recentiores
660 2201 829 2282 videntur,
855 2222 925 2269 non
949 2198 1062 2271 solum
1077 2208 1219 2293 propter
1243 2203 1503 2295 antiquitatem,

365 2339 486 2388 verum
508 2319 590 2412 quia
611 2342 657 2389 ax
678 2316 747 2388 alio
769 2317 924 2408 ejusdem
946 2314 1181 2388 Landavensis
1198 2317 1363 2390 Ecclesiae
1380 2321 1504 2392 codice

366 2432 448 2506 MS.
472 2443 608 2506 constat
631 2433 794 2505 Libiaum
817 2432 1029 2526 Episcopum
1052 2432 1315 2506 Landavensem
1335 2461 1357 2508 a
1374 2435 1503 2521 Nobis,

363 2549 459 2622 hisce
481 2550 761 2622 adnotationibus
785 2557 1025 2653 memoratum,
1051 2551 1172 2622 ordine
1197 2559 1359 2644 quartum
1385 2552 1405 2624 ὲ
1429 2555 1507 2626 vita

365 2669 539 2763 migrasse,
562 2666 660 2738 A.D.
682 2666 764 2738 929.

415 3030 464 3101 Et
486 3032 530 3102 de
548 3033 671 3103 eodem
692 3032 820 3114 codice,
839 3031 901 3102 Dr.
920 3032 1059 3128 Georgo
1077 3030 1200 3114 Hicks,
1218 3031 1256 3100 in
1271 3032 1338 3103 vol.
1357 3033 1391 3104 3.
1410 3033 1505 3127 ejus-

365 3149 446 3218 dem
462 3148 627 3219 lbesauri
640 3149 807 3241 Antiqnae
820 3148 1026 3220 Literaturae
1041 3149 1338 3243 Septentrionalis,
1353 3151 1502 3244 scripsit.

364 3275 436 3320 -“
445 3264 532 3336 Haec
544 3266 696 3337 breviter
708 3267 752 3336 de
765 3265 895 3337 Sancto
908 3265 1084 3348 Theliauo,
1099 3267 1155 3336 cui
1168 3265 1315 3337 donatus
1327 3266 1412 3336 olim
1424 3279 1503 3340 erat

366 3382 488 3454 Codex
511 3382 779 3477 Evangeliorum
803 3381 950 3454 Latinus
966 3391 1048 3454 ante
1064 3383 1177 3452 multa
1193 3384 1318 3454 saecula
1334 3381 1502 3456 Eoolesiae

366 3497 621 3594 Lichfeldensis
634 3497 819 3593 peculium.
858 3498 982 3594 cingal
998 3499 1058 3570 ille
1071 3499 1269 3582 Britannus,
1287 3523 1389 3592 aquo
1402 3525 1502 3596 emp-

364 3624 421 3687 tus
431 3625 515 3700 erat,
525 3615 750 3711 gliscentibus
762 3616 872 3699 bellis,
883 3638 965 3686 eum
977 3616 1092 3687 forsan
1105 3639 1151 3686 ex
1162 3615 1278 3708 aliquo
1288 3619 1501 3688 monasterio

365 3731 513 3827 Angliae,
537 3736 630 3828 quod
649 3733 819 3805 Cambriae
839 3733 992 3803 vicinum
1012 3741 1096 3816 erat,
1118 3754 1199 3803 cum
1219 3733 1294 3803 aliis
1311 3733 1499 3826 direptum,

365 3850 521 3918 vendidit
544 3847 649 3921 Gelhi
672 3850 745 3921 filio
766 3847 957 3932 Arihtiudi‚
982 3849 1041 3941 qni
1064 3871 1145 3919 eum
1166 3847 1203 3918 S.
1221 3848 1364 3920 Teliauo
1389 3850 1499 3934 dedit,

365 3962 503 4056 doujus
527 3965 693 4050 Ecclesia,
716 3966 942 4061 gliscentibus
964 3967 1091 4037 iterum
1116 3964 1226 4047 bellis,
1254 3964 1368 4036 forsan
1390 3967 1501 4038 etiam

364 4082 538 4174 direptum
560 4083 684 4176 aliquis
707 4081 845 4178 Anglus
868 4105 949 4153 enm
974 4082 1128 4166 abstulit,
1152 4090 1189 4153 et
1208 4080 1245 4151 S.
1270 4081 1395 4153 Ccadae
1417 4105 1501 4153 con-

362 4199 517 4269 secravit.
569 4197 706 4268 Verum
723 4200 912 4293 quomodo
929 4222 1066 4293 cunque
1088 4222 1143 4270 res
1159 4199 1227 4270 ista
1243 4221 1280 4268 se
1296 4199 1434 4281 habeat,
1453 4223 1501 4271 ex

362 4339 403 4386 eo
416 4314 528 4384 multa
540 4313 720 4407 descripsit
737 4315 910 4399 Showere,
925 4315 947 4386 a
963 4315 1088 4410 quibus
1107 4315 1202 4387 haud
1222 4315 1393 4388 absimilia
1408 4317 1503 4388 mul-

360 4440 399 4502 ta
421 4430 622 4501 Britannice
645 4433 773 4526 scripta
795 4455 936 4503 cernere
958 4441 1012 4503 est
1034 4433 1071 4502 in
1091 4431 1281 4504 Monastici
1299 4432 1501 4528 Anglicani,

361 4546 443 4620 Vol.
470 4567 523 4617 111.
547 4571 581 4641 p.
607 4546 688 4631 188,
711 4547 776 4620 &a
801 4572 876 4642 quae
900 4573 945 4620 ex
967 4547 1202 4620 Landavensis
1223 4548 1389 4620 Ecclesiae
1414 4547 1499 4621 MS.

360 4663 514 4758 Regesto
531 4666 703 4758 congessit
720 4665 926 4738 immortalis
943 4665 1026 4738 Gul.
1046 4666 1246 4760 Dugdalis.”
