3348 5804
344 807 390 880 16
716 822 824 873 urens
848 820 1106 874 nnnnrvsrvsrs.

344 990 469 1062 “Ecce
493 990 663 1062 auxilium
687 990 839 1083 corporis
864 995 901 1058 et
926 989 1050 1060 animae
1067 1013 1163 1074 meae,
1185 993 1279 1084 quod
1299 992 1386 1062 mihi
1407 992 1482 1064 Do-

344 1111 488 1180 “minus
516 1130 579 1201 per
607 1106 781 1177 somnium
810 1105 1053 1199 dignatusest
1083 1107 1348 1180 demonstrare.''
1398 1108 1481 1204 Ipso

342 1248 493 1318 namque
516 1225 572 1295 dic
594 1246 658 1316 per
678 1221 958 1294 benedictionem
981 1221 1103 1295 Sancti
1127 1223 1305 1297 Samsonis
1321 1251 1343 1297 a
1357 1228 1481 1298 morbo

342 1341 527 1423 convaluit,
557 1363 598 1411 ac
621 1338 766 1432 supplici
788 1339 959 1431 petitione
981 1362 1154 1412 unacum
1176 1341 1282 1413 fiatre
1305 1366 1367 1414 suo
1391 1341 1481 1414 Um-

340 1457 472 1530 brafele
500 1455 742 1528 monachicum
771 1454 931 1526 habitum
955 1457 1128 1548 suscipere
1152 1459 1290 1529 meruit.
1346 1456 1417 1530 Sed
1442 1468 1482 1530 et

341 1574 546 1646 venerabilis
567 1570 683 1654 Anna,
713 1594 795 1642 cum
817 1568 965 1643 Affrella
987 1595 1102 1645 sorore
1127 1597 1198 1658 sua,
1222 1575 1296 1667 ejus
1318 1575 1481 1646 benedic-

339 1693 435 1763 tione
468 1698 521 1762 est
555 1696 763 1760 comecrata.
831 1687 973 1760 Partem
1006 1689 1288 1774 substantiarum,
1325 1688 1480 1784 partem¹

339 1808 548 1902 pauperibus
572 1805 736 1899 erogavit,
766 1811 904 1898 partem
928 1806 974 1875 ad
1002 1809 1251 1880 monasterium
1280 1816 1481 1880 constnren-

340 1928 424 1997 dum
448 1923 632 2005 commisit,
658 1929 794 2015 partem
818 1923 939 1992 matris
964 1929 1001 1993 et
1025 1922 1172 1994 fratrum
1196 1925 1274 1996 usui
1298 1925 1479 1995 concessit.

340 2041 519 2114 Ordinatis
541 2039 701 2110 omnibus
724 2040 951 2132 pergratiam
968 2037 1089 2110 Sancti
1107 2038 1268 2134 Spiritirs,
1293 2042 1480 2133 assumptis

339 2165 438 2250 patre
461 2165 498 2228 et
513 2154 680 2249 patruele,
705 2177 768 2247 per
784 2154 888 2226 aliam
906 2178 1011 2248 quam
1027 2164 1171 2227 venerat
1187 2159 1289 2241 viam,
1314 2158 1357 2228 ad
1374 2179 1478 2228 suum

338 2274 588 2344 monasterium
604 2294 760 2342 reversus
776 2281 839 2342 est.
890 2271 960 2342 Per
976 2273 1124 2344 eandem
1145 2296 1283 2367 quoque
1300 2276 1392 2344 viam
1407 2297 1479 2345 ser-

338 2397 481 2483 pentem
510 2389 606 2458 mirae
634 2388 884 2482 magnitudinis
912 2389 1050 2482 reperit,
1084 2412 1190 2481 quem
1218 2390 1291 2460 solo
1321 2411 1480 2461 sermone

337 2506 533 2599 prostravit.
584 2503 744 2596 Cumque
760 2505 805 2576 ad
821 2507 1069 2577 monasterium
1085 2507 1247 2589 redirent,
1270 2505 1479 2577 Dubricium

338 2620 562 2715 Episcopum,
599 2621 760 2692 initiante
793 2621 1064 2715 quadragesima,
1099 2623 1148 2692 ibi
1180 2621 1480 2695 commanentem²

337 2738 481 2810 invenit.
533 2737 726 2830 Episcopus
746 2745 864 2809 autem
887 2738 932 2808 ed
952 2761 989 2810 se
1006 2739 1190 2809 diaconum
1211 2762 1415 2824 convocans,
1441 2750 1480 2812 et

338 2855 383 2924 ab
406 2878 448 2926 eo
468 2861 603 2936 cuncta,
629 2876 706 2946 quae
728 2861 827 2949 gesta
848 2854 990 2925 fuerunt
1011 2856 1048 2924 in
1070 2856 1127 2925 via
1148 2857 1359 2941 condiscens,
1380 2880 1480 2929 max-

338 2972 410 3041 imo
423 2993 503 3041 cum
515 2970 645 3041 honore
659 2977 817 3041 sanctum
830 2969 1036 3042 Samsonem
1049 2979 1087 3041 et·
1098 2973 1208 3043 socios
1220 2995 1299 3044 suos
1316 2977 1477 3067 suscepit,

338 3093 376 3158 et
400 3087 525 3158 eodem
549 3087 606 3157 die
632 3085 802 3157 Sanctum
827 3086 1033 3158 Samsonem
1049 3086 1277 3160 Cellererium
1300 3090 1394 3162 illius
1410 3090 1480 3162 loci

338 3203 528 3273 constituit.
583 3202 757 3274 Illevero
783 3205 877 3276 acsi
905 3201 1037 3295 jussus³
1065 3213 1156 3276 esset
1185 3205 1361 3290 divinitis,
1396 3231 1477 3278 cum

337 3342 465 3414 magna
481 3319 662 3414 diligentia
682 3322 823 3390 servivit
848 3321 1020 3404 fratribus,
1044 3328 1081 3392 et
1105 3322 1328 3415 inquantum
1350 3327 1476 3417 potuit,

336 3435 546 3506 ministravit
569 3437 796 3529 pauperibus3
827 3437 888 3508 sed
912 3439 1019 3508 frater
1043 3439 1102 3530 qui
1127 3447 1209 3510 ante
1234 3463 1315 3510 eum
1341 3448 1415 3512 erat
1439 3441 1480 3511 in

337 3551 462 3624 eodem
494 3553 696 3637 ministerio,
731 3555 805 3647 ejus
834 3555 995 3648 operibus
1019 3555 1119 3626 bonis
1144 3556 1311 3640 invidens,
1337 3557 1479 3628 dicebat

338 3665 508 3738 Sanctum
538 3667 744 3762 Samsonem
773 3673 890 3742 omnia
922 3673 959 3741 in
987 3669 1191 3743 effusionem
1224 3668 1418 3756 fenerasse,⁴
1439 3682 1479 3744 et

336 3781 527 3854 lentemas⁶
561 3785 685 3858 melle⁶
722 3787 841 3882 plenas
878 3788 1081 3859 indecenter
1115 3811 1307 3860 evacuasse.
1370 3788 1477 3872 Quod

336 3894 529 3991 Episcopus
558 3903 710 3986 audiens,
745 3912 782 3974 et
809 3906 863 3975 rei
891 3907 1075 3976 veritatem
1104 3906 1190 3976 scire
1219 3906 1370 3998 cupiens,
1405 3905 1479 3976 cel-

336 4013 461 4083 larium
499 4015 650 4087 intravit.
718 4017 823 4102 Quod
859 4021 982 4092 beatus
1020 4021 1167 4093 Samson
1203 4045 1266 4114 per
1303 4020 1479 4114 Spiritum

337 4137 496 4200 sanctum
521 4155 719 4225 agnoscens,
745 4136 943 4220 lentemas,⁵
968 4161 1052 4230 quas
1075 4144 1311 4219 evacuaverat,
1337 4138 1479 4232 signum

335 4246 446 4318 crucis
479 4252 683 4342 composuit,
717 4261 754 4323 et
786 4255 926 4325 easdem
960 4253 1152 4348 Episcopus
1184 4253 1304 4347 plenas
1336 4255 1479 4346 reperit.

337 4359 529 4458 Episcopus
561 4376 681 4438 autem
713 4369 897 4454 admirans,
940 4369 1145 4442 Samsonem
1179 4368 1314 4463 Spiritu
1344 4368 1479 4441 Sancto

375 4687 466 4744 'Por-r.
485 4688 519 4745 Ο.
554 4694 786 4749 'Commorantes
805 4695 838 4750 0.
873 4699 994 4752 uuam.
1013 4695 1047 4751 0.
1082 4699 1480 4769 weneraocproscmraec

336 4770 371 4826 E.
405 4777 577 4848 mentorum,
595 4797 651 4834 vox
662 4780 814 4836 obscurain
827 4781 907 4839 MSS.
941 4783 1045 4839 'Forte
1057 4801 1107 4855 pro
1118 4783 1265 4854 hydromeli.
1284 4783 1317 4840 E.
