3348 5804
563 837 670 888 arnna
694 837 955 888 munavnusrs.
1283 821 1330 890 25

187 1008 333 1079 ercitum
342 1005 581 1099 congregavit,
593 1013 630 1074 et
642 991 724 1074 enm
733 1004 824 1074 eoin
836 1001 1056 1075 Britanniam
1069 1004 1182 1076 rediit.
1217 1003 1330 1076 Beato

187 1125 294 1218 igitur
314 1122 485 1194 Samsone
504 1123 699 1215 jejunante,
727 1129 764 1192 et
787 1129 918 1206 orante,
944 1129 1051 1214 atque
1073 1120 1228 1193 Judualo
1251 1145 1332 1192 oum

187 1241 342 1311 exercitu
353 1247 479 1310 contra
491 1239 719 1310 Commorum
729 1238 919 1331 praeliante,
933 1237 957 1307 J
959 1239 1106 1310 udualus
1119 1237 1241 1310 Sancti
1254 1262 1332 1332 pre-

187 1357 284 1428 cibus
303 1355 443 1428 hostem
463 1379 536 1426 uno
553 1357 627 1426 ictu
644 1356 846 1447 prostravit;
873 1363 910 1426 et
927 1356 1055 1426 exinde
1071 1357 1155 1448 ipse,
1173 1363 1211 1428 et
1226 1379 1332 1451 gene-

185 1475 327 1544 rationis
343 1473 420 1565 ejus
437 1493 660 1554 successores,
683 1493 788 1564 super
803 1469 1022 1543 Britanniam
1040 1471 1233 1542 dominium
1254 1480 1333 1544 ten-

184 1586 260 1660 uit.¹
312 1588 407 1660 Mox
427 1586 529 1660 vero8
549 1587 724 1659 Judualua
745 1611 768 1660 a
787 1589 858 1659 suis
878 1595 1024 1659 ovanter
1043 1596 1215 1681 receptus,
1236 1596 1274 1659 et
1295 1591 1332 1660 in

186 1705 325 1778 Ducem
346 1706 457 1776 totins
478 1703 669 1776 Britannia
689 1704 832 1788 electus,
855 1705 1007 1798 seipsum
1028 1727 1110 1775 cum
1132 1706 1266 1776 cunctis
1286 1705 1332 1776 ad

184 1846 224 1894 se
238 1823 506 1915 pertinentibus,
524 1822 629 1892 beato
646 1819 808 1892 Samsoni
824 1823 1047 1916 mancipavit,
1065 1829 1103 1892 et
1119 1822 1332 1894 orationibus

184 1939 260 2031 ejus
276 1939 405 2010 devote
422 1938 691 2009 commendavit.
731 1936 871 2010 Gratias
888 1947 969 2032 agat
987 1936 1073 2008 Dux
1090 1936 1331 2031 Redemptori,

185 2054 323 2125 exultet
340 2054 493 2147 populus
508 2055 713 2126 commissus
729 2062 830 2124 tanto
846 2055 986 2147 pastori.
1038 2052 1144 2126 Unde
1160 2055 1332 2148 principa-

185 2178 244 2242 tus
268 2172 377 2241 totius
401 2169 594 2242 Britanniae
618 2171 712 2264 apud
737 2169 871 2241 Dolum
889 2169 987 2263 juste
1011 2179 1170 2252 constare
1194 2171 1333 2242 videtur

188 2309 299 2379 usqne
317 2285 432 2360 hodie.
484 2285 583 2358 Nam
607 2296 755 2380 quantas
780 2288 928 2358 vinutes
952 2311 1016 2380 per
1040 2310 1132 2371 eum,
1158 2285 1332 2358 Dominus

192 2405 286 2478 ultra
304 2407 457 2500 citraque
477 2429 575 2478 mare
592 2405 724 2490 fecerit,
751 2415 993 2500 quantumque
1014 2397 1172 2478 doctrina
1196 2405 1330 2489 clamit,

191 2521 323 2593 nullius
354 2525 527 2616 scriptoris
556 2522 613 2594 vel
646 2523 798 2595 doctoris
827 2522 1028 2617 eloquentia
1056 2521 1330 2615 comprehendit

191 2637 373 2710 Perfectus
387 2640 508 2732 itaque
521 2637 595 2710 vita
610 2647 648 2712 et
665 2647 778 2723 atate,
798 2641 1003 2732 cunctisque
1019 2640 1207 2711 adornatus
1223 2640 1332 2709 virtu·

191 2755 285 2826 tibus
305 2758 373 2826 acri
393 2757 517 2828 morbo
534 2764 713 2850 correptus
729 2757 766 2827 in
788 2755 881 2828 Dolo
898 2757 1118 2840 monasterio,
1136 2754 1332 2826 circumflu-

188 2881 271 2944 ente
287 2873 390 2957 clero,
408 2896 534 2966 corpus
550 2873 685 2957 saeculo,
695 2869 870 2945 animam³
881 2873 1033 2944 reddidit
1046 2866 1160 2943 οοεΙο.4
1209 2871 1332 2944 Olerus

187 2987 358 3060 Sanctum]
369 3012 495 3082 corpus
504 3013 585 3060 cum
599 2991 786 3085 unguentis
799 2990 1000 3084 sepeliebat,
1011 2991 1155 3082 ipsoque
1167 2990 1332 3061 audiente

186 3105 335 3178 coelestis
345 3107 525 3179 exercitus
534 3109 687 3178 animam
697 3130 778 3178 oum
791 3107 929 3201 hymnis
940 3114 977 3178 et
990 3105 1333 3178 laudibusadOhris-

187 3229 261 3292 tum
278 3223 488 3295 deducebat.
540 3221 690 3318 Signum
706 3232 826 3294 autem
843 3223 1041 3295 beatudinis
1057 3223 1132 3315 ejus
1147 3245 1211 3294 nos
1226 3222 1333 3294 habe-

182 3361 264 3426 mns,
283 3343 319 3414 in
336 3342 395 3414 his
415 3339 581 3435 (scilieet)
599 3339 784 3423 miraculis,
801 3363 880 3433 quae
896 3340 1054 3432 quotidie
1070 3363 1134 3431 per
1150 3361 1232 3410 eum
1248 3339 1333 3408 facit

30 3458 37 3497 ¹
176 3457 379 3545 Dominus,⁶
399 3457 449 3530 ad
467 3456 618 3540 laudem,
636 3465 674 3528 et
689 3456 837 3552 gloriam
854 3457 1004 3527 nominis
1021 3452 1127 3547 ejusz⁶
1152 3454 1233 3539 Qui,
1252 3475 1332 3523 cum

32 3632 40 3649 .
167 3576 244 3652 Deo
265 3579 386 3652 Patre
409 3583 452 3646 et
474 3571 610 3667 Spiritu
631 3571 773 3657 Sancto,
799 3574 886 3644 vivit
907 3581 945 3644 et
966 3579 1090 3666 regnat
1114 3593 1177 3664 per
1196 3568 1334 3640 infinita

157 3698 275 3774 mnia
292 3692 529 3772 senariorum.
579 3688 708 3761 Amen.

627 3921 744 4006 Frum,
770 3919 898 3994 Auru.

160 4743 313 4814 agium-0
330 4717 567 4787 tenueruntB.
602 4715 781 4774 'datumst
816 4714 1028 4772 “Auionum.0.
1065 4713 1195 4770 ‘Doo.O.
1232 4713 1335 4766 'Deua

13 4836 17 4847 '
134 4847 165 4902 0·
200 4833 315 4900 ogjan
330 4815 439 4875 deest.
460 4806 497 4862 Ο.
