3318 5804
545 795 653 845 menn
678 795 936 847 nsnnsvnrsm.
1236 777 1310 850 213

157 969 354 1055 ceptumm
368 963 660 1058 (recognoscendo
673 962 856 1052 delictum)
870 963 1072 1034 canonicam
1088 965 1307 1049 sententiam,

162 1087 203 1150 et
222 1077 411 1170 judicium.
463 1077 558 1149 Inito
580 1080 724 1152 consilio
747 1103 828 1150 cum
852 1077 992 1173 Synodo
1014 1088 1148 1151 etcum
1169 1081 1309 1174 quibus·

166 1195 252 1266 dnm
276 1195 451 1288 parochie
472 1196 613 1288 optimis
635 1197 717 1268 viris
741 1196 872 1266 laicalis
899 1197 1036 1280 ordinis,
1067 1204 1104 1268 et
1130 1197 1309 1268 catholice

168 1311 262 1394 fidei,
276 1312 486 1383 condonavit
501 1312 535 1383 ei
552 1311 755 1406 Episcopus,
769 1313 913 1384 redditis
930 1313 1046 1385 sibiet
1062 1313 1132 1384 suis
1148 1315 1309 1384 omnibus

167 1428 271 1498 rebus
287 1451 357 1500 suae
374 1429 586 1513 vastationis,
601 1431 683 1502 data
699 1429 765 1500 sibi
782 1430 992 1514 remissione,
1010 1437 1048 1502 et
1057 1430 1182 1523 juncta
1197 1431 1309 1523 poeni-

168 1545 279 1616 tentia
304 1543 358 1615 in1
382 1545 528 1616 modum
552 1545 673 1640 culpae.
724 1545 774 1616 Et
798 1555 877 1640 post
902 1547 1021 1618 datam
1045 1547 1192 1630 reniam,
1214 1545 1308 1616 Lou-

166 1662 287 1732 march
312 1663 459 1756 largitus
481 1671 535 1734 est
559 1663 597 1733 in
619 1662 847 1757 eleemosyna,
871 1662 990 1734 villam
1012 1663 1186 1734 Trefiearn
1209 1671 1306 1756 pont,

166 1802 247 1849 cum
263 1778 379 1849 tribus
394 1779 519 1850 modiis
530 1787 640 1863 terrae,
655 1778 743 1863 Deo,
761 1786 798 1850 et
812 1777 950 1851 Sanctis
962 1779 1141 1863 Dubricio,
1153 1779 1306 1863 Teliauo,

167 1895 398 1978 etOudoceo,
411 1896 499 1966 etin
510 1917 617 1966 manu
630 1894 784 1966 Gulfiidi
797 1895 970 1990 Episcopi,
988 1903 1026 1969 et
1042 1897 1202 1968 omnibus
1218 1897 1307 1988 epis-

166 2013 261 2105 copis
278 2010 469 2083 Laudaviae
483 2012 521 2082 in
536 2019 716 2106 perpetuo,
730 2035 811 2082 cum
827 2020 904 2084 tota
916 2037 978 2084 sua
989 2012 1161 2096 libertate,
1175 2021 1213 2084 et
1225 2033 1306 2083 cum

168 2129 262 2199 omni
274 2128 522 2200 communione
534 2129 571 2198 in
587 2151 711 2222 campo
724 2137 762 2199 et
777 2129 816 2199 in
831 2129 935 2212 silvis,
952 2131 990 2200 in
1006 2153 1096 2223 aqua
1107 2138 1145 2201 et
1159 2127 1214 2200 in1
1229 2152 1307 2224 pas-

168 2247 252 2328 cuis,
268 2246 376 2317 verbo
393 2253 432 2316 et
448 2267 618 2316 consensu
630 2243 745 2316 Catell
763 2244 871 2340 Regis
884 2245 1026 2331 Guenti,
1040 2247 1103 2316 filii
1116 2245 1305 2318 Arthmail.

168 2359 229 2432 De
245 2361 397 2445 Glericis,
420 2369 529 2432 testes
545 2369 627 2432 sunt
643 2360 824 2432 Gulfiidus
844 2362 1045 2456 Episcopus,
1064 2362 1175 2433 Diuin
1196 2386 1308 2435 sacer·

168 2477 243 2561 dos,
282 2476 592 2572 Duuumgnellaun
624 2477 747 2570 Abbas
777 2477 1014 2562 Lanenniaun,
1045 2479 1082 2550 id
1111 2487 1174 2563 est,
1205 2479 1306 2551 Lann

168 2591 341 2678 Oudoeui,
359 2594 518 2666 Disseith
533 2594 652 2678 lector,
670 2593 797 2667 Aircot
818 2598 948 2681 doctor,
966 2595 1095 2668 Heinif
1110 2596 1202 2666 filius
1223 2596 1307 2667 Cat-

166 2734 244 2806 gen,
272 2710 473 2783 Loumarch
496 2711 588 2784 filius
614 2711 726 2797 Duta3
761 2715 805 2783 de
829 2712 935 2797 laicis,
966 2711 1080 2784 Catell
1110 2710 1190 2783 Rex
1214 2713 1306 2784 filius

165 2825 342 2912 Arthuail,
361 2827 569 2912 Loumarch,
587 2827 750 2900 Cinnelin
769 2829 860 2900 filius
877 2828 1029 2912 Branud,
1054 2827 1192 2923 Eugein
1214 2829 1306 2900 filius

167 2941 285 3030 Auod,
321 2943 447 3017 Gulfre
479 2943 572 3016 filins
601 2943 701 3030 Eleu,
733 2945 919 3017 Morcenni
952 2945 1043 3017 filius
1072 2945 1168 3030 Dull,
1203 2946 1307 3017 Edrit

167 3061 260 3133 iilius
286 3059 480 3134 cilbresel?
532 3061 757 3155 Quicunque³
780 3063 991 3146 custodierit,
1012 3063 1185 3134 custodiat
1205 3063 1307 3134 illum

169 3175 282 3262 Deus;
308 3180 369 3272 qui
393 3185 512 3249 autem
532 3180 577 3250 ab
594 3176 744 3251 ecclesii
768 3177 955 3252 Laudaviae
979 3180 1198 3272 separaverit,
1224 3202 1306 3250 ans-

12 3283 15 3306 ’
169 3293 288 3366 thema
311 3295 369 3366 sit.
419 3291 549 3366 Amen.

600 3563 722 3636 ans
739 3563 874 3638 Suom.

220 3761 349 3834 Patens
382 3762 429 3833 sit
456 3763 616 3836 omnibus
647 3763 826 3836 Christum
850 3763 1052 3846 colentibus,
1085 3761 1238 3835 maxime
1267 3764 1305 3834 in

171 3878 319 3950 dextrali
344 3887 446 3973 porte
472 3878 662 3952 Britannia
687 3880 933 3963 habitantibus,
961 3881 1053 3973 quod
1079 3877 1188 3952 Asser
1213 3880 1305 3951 filius

171 3992 358 4066 Marchuid
382 3995 512 4066 oceidit
536 3996 617 4068 dolo
643 3996 852 4094 Gulagguin,
878 4004 1019 4090 propter
1043 3998 1137 4090 quod
1160 3997 1308 4068 homici-

171 4111 266 4182 dium
282 4112 540 4183 emendandum
562 4114 655 4206 apud
676 4113 794 4186 Deum
811 4123 848 4185 et
868 4113 1035 4197 homines,
1052 4113 1141 4186 inita
1156 4137 1243 4207 pace
1259 4137 1305 4185 ex

169 4237 316 4321 utreque
340 4226 457 4321 parte*
472 4229 669 4323 parentele,
695 4230 840 4326 largitus
860 4238 914 4302 est
937 4232 974 4301 in
991 4227 1225 4325 eleemosyna⁵
1241 4253 1304 4324 pro

172 4346 282 4418 anima
303 4343 472 4428 delimcti,
488 4343 607 4430 Asser,
629 4346 732 4418 simul
752 4356 790 4418 et
809 4354 909 4441 pater
928 4370 1009 4418 suus
1026 4346 1222 4429 Marchuid,
1240 4346 1308 4416 ril-

199 4660 260 4720 ¹Sic
272 4659 454 4718 oaudeert.
473 4659 511 4717 Η.
545 4661 697 4720 ’Gildo-rael.
714 4663 750 4720 Ο.
784 4663 920 4725 moso,
955 4663 1020 4721 *sic
1032 4663 1069 4718 0.
1080 4669 1189 4732 utroque
1196 4663 1304 4731 pariete.

165 4747 201 4806 Η.
233 4753 465 4818 mmmmm.
483 4748 517 4804 0.
