3316 5796
368 831 416 902 92
681 859 685 868 ·
738 841 846 890 arsen
869 837 1126 888 amnavurrsrs.

368 1014 563 1108 hujusmodi
579 1009 705 1104 reperti
722 1006 860 1086 fuerint,
878 1012 916 1074 et
932 1000 1171 1074 ecclesiasticis
1187 1004 1366 1094 priventur
1378 1001 1498 1074 officiis

368 1143 404 1206 et
420 1129 604 1212 beneficiis,
622 1123 702 1198 sane
719 1124 747 1193 si
764 1144 876 1214 nequa
893 1121 941 1191 sic
958 1119 1214 1189 immunditiam
1230 1141 1328 1190 suam
1340 1140 1499 1190 correxe-

369 1250 447 1331 rint,
464 1245 705 1316 communione
722 1244 860 1310 careant
877 1235 1080 1308 Christiana

370 1750 428 1820 Du
444 1767 529 1818 vrrs
547 1747 682 1819 Sason
701 1745 865 1827 Tenum,
886 1741 1143 1813 Lannsvassrs
1163 1761 1340 1812 sconsam
1355 1738 1500 1811 Ancur-

848 1879 1017 1930 arrscorr.

418 2065 446 2135 Ι.
474 2063 622 2136 Sanctus
638 2064 712 2145 iste,
726 2061 848 2131 fratres
864 2059 1063 2141 charissimi,
1076 2058 1120 2128 ab
1136 2058 1283 2129 infantia
1300 2058 1367 2129 Dei
1383 2059 1498 2129 cultor

369 2181 502 2263 extitit;
527 2203 591 2249 nec
607 2179 743 2259 mirum,
762 2199 841 2246 cum
862 2184 943 2246 aute
960 2175 1141 2245 infantiam
1157 2197 1239 2244 eum
1258 2174 1412 2244 futurum
1429 2175 1495 2244 sibi

368 2319 505 2368 servum
532 2294 628 2366 Deus
653 2294 942 2387 praedestinasset;
967 2291 1222 2384 praedestinavit
1248 2314 1353 2382 quem
1379 2290 1495 2384 elegit,

368 2413 474 2507 elegit
494 2434 598 2505 quem
616 2411 748 2493 dilexit,
770 2409 1005 2501 dilectumque
1026 2430 1116 2478 vera
1138 2407 1359 2477 confessionis
1381 2405 1499 2500 palmi

368 2531 554 2600 coronavit.
605 2526 776 2597 Militavit
798 2527 915 2618 itaque
937 2525 990 2593 vir
1011 2523 1089 2606 Dei,
1114 2522 1191 2594 Deo
1214 2524 1425 2594 orationibus
1445 2523 1500 2592 in-

368 2647 529 2729 sistendo,
548 2645 730 2736 omniaque
750 2664 826 2735 quae
846 2641 1043 2734 possidebat
1063 2640 1295 2733 indigentibus
1312 2639 1496 2734 erogando.

369 2762 463 2846 Quid
480 2759 644 2855 amplius?
694 2757 766 2828 Sex
779 2755 905 2850 opera,1
918 2763 954 2827 et
966 2756 1206 2827 misericordia
1218 2755 1404 2849 diligenter
1415 2779 1499 2826 exe-

368 2887 505 2970 quutus,
523 2885 700 2967 nunquam
717 2873 785 2943 Dei
802 2872 951 2943 famrdus
968 2873 1012 2944 ab
1029 2872 1267 2943 ecclesiasticis
1284 2874 1429 2943 vacabat
1445 2875 1500 2943 in-

368 2995 512 3076 stitutis3
539 2992 654 3062 omnia
670 3014 731 3060 sua
743 2989 892 3060 faciebat
908 3013 978 3061 non
995 3013 1065 3072 sua,
1079 2996 1116 3059 et
1133 3011 1208 3080 quae
1224 3012 1294 3059 non
1311 2997 1409 3060 eraut
1426 3013 1499 3073 sua,

367 3109 517 3178 faciebat
539 3129 609 3178 sua
661 3105 782 3176 Nichil
802 3107 896 3176 cuim
915 3105 1038 3198 reliqui
1061 3106 1125 3176 sibi
1146 3104 1189 3174 de
1208 3128 1269 3175 suo
1289 3105 1497 3198 relinquens,

366 3226 456 3296 bene
468 3224 598 3294 caduca
613 3246 675 3315 pro
693 3223 827 3292 aeternis
840 3217 1057 3293 cambiebat.²
1107 3218 1140 3290 0
1155 3229 1316 3320 quantus,
1334 3231 1371 3292 et
1388 3223 1501 3314 qualis

366 3347 545 3422 mercator,
563 3340 623 3431 qui
640 3361 701 3408 sua
714 3336 792 3409 Deo
805 3338 919 3422 dabat,
932 3345 973 3407 ut
986 3339 1029 3408 ab
1043 3361 1084 3408 eo
1097 3337 1299 3431 centuplum
1311 3339 1499 3432 acciperet!

368 3443 660 3529 Ocommercium
676 3454 877 3548 pretiosum!
929 3453 1078 3525 Ousura
1093 3453 1288 3525 laudabilis!
1339 3453 1501 3526 Ofoenus

367 3575 440 3645 siue
463 3571 619 3643 crimine!
670 3570 703 3642 Ο
727 3571 861 3640 lucrum
884 3571 957 3642 siue
979 3569 1255 3664 reprehensione!
1307 3570 1503 3642 Lucremur

366 3691 473 3784 igitur
489 3692 537 3760 sic
553 3689 789 3782 nosmetipsos,
807 3687 938 3770 fratres,
955 3697 996 3756 ut
1012 3687 1147 3757 lucrum
1164 3710 1233 3757 non
1252 3685 1416 3780 perdant³
1435 3688 1502 3758 foe-

367 3811 549 3874 neratores.
601 3803 633 3874 Ο
651 3813 788 3896 quauta
805 3803 988 3898 sapientiae,
1007 3812 1044 3873 et
1060 3804 1212 3874 scientiae
1224 3804 1346 3887 vimm,
1361 3805 1419 3896 qui
1436 3827 1502 3875 sua

367 3918 442 3989 aliis
453 3919 689 4001 distribuebat,
700 3929 741 3989 ut
760 3921 957 4003 ditesceret3
979 3920 1130 4012 seipsum
1145 3921 1343 3990 macerabat
1356 3929 1396 3988 ut
1412 3919 1501 3990 alios

366 4034 664 4126 impinguesceret,
678 4035 824 4105 aliorum
836 4034 1078 4108 miserebatur⁴
1087 4045 1127 4106 ut
1139 4036 1406 4107 misericordiam
1415 4058 1501 4105 con-

368 4147 581 4241 sequeretur!
630 4148 728 4220 Talia
743 4153 905 4242 equidem
922 4160 1057 4223 constat
1073 4153 1183 4222 sancti
1200 4152 1264 4221 viri
1284 4151 1388 4222 finisse
1403 4150 1501 4221 rudi-

367 4272 494 4347 menta,
512 4265 550 4333 in
566 4266 690 4356 quibus
706 4269 947 4359 perseverabat
963 4271 1036 4340 sine
1052 4269 1314 4351 intermissione,
1335 4291 1444 4360 usque
1460 4267 1503 4339 in

368 4381 697 4454 consummationem
711 4384 800 4452 vitae.
848 4384 1016 4479 Egregius
1027 4381 1150 4479 igitur⁵
1162 4383 1335 4456 confessor
1347 4383 1423 4467 fuit,
1438 4386 1501 4476 qui

401 4689 494 4744 ¹Num
506 4691 640 4746 intercidit
651 4709 707 4747 vox
718 4693 866 4749 ctmritutiai
879 4693 912 4748 B.
947 4693 1001 4748 ²Id
1013 4699 1062 4762 est,
1072 4697 1249 4750 commutabat.
1263 4694 1295 4748 B.
1331 4693 1433 4748 ³Forte
1446 4693 1502 4766 leg.

361 4779 508 4844 ρειάαιηιιε.
529 4777 562 4832 Ε.
587 4780 795 4836 auocabatur.
815 4781 852 4835 H.
889 4783 1009 4850 rlaque.
1030 4781 1063 4838 Ο.
