3316 5796
535 841 641 890 mann
667 841 927 892 nannavnrvsrs.
1232 827 1302 898 109

149 1002 274 1086 lidauc,
292 1004 412 1089 Luhil,
432 1005 573 1089 Fidelis,
592 1005 761 1090 Hismael,
775 1006 913 1101 Tyfhei,
927 1006 1124 1092 Oudcceus,
1142 1019 1180 1081 et
1196 1009 1298 1081 multi

150 1118 211 1190 alii
224 1121 393 1215 discipuli,
408 1131 451 1194 ut
463 1145 545 1194 eum
561 1123 724 1206 moribus,
737 1132 775 1194 et
788 1121 947 1195 doctrini
961 1125 1190 1197 imitarentur.
1243 1125 1299 1196 De

152 1235 275 1328 quibus
286 1237 513 1310 Hismaelem
525 1241 739 1310 consecravit
756 1242 793 1309 in
807 1240 1028 1335 Episcopum,
1041 1244 1186 1313 mittens
1198 1241 1298 1312 illum

151 1352 459 1426 adcumulendum
467 1353 647 1426 ecclesiam
659 1354 894 1440 Minuensem,
906 1359 1024 1450 etjam
1036 1359 1212 1428 viduatam
1223 1381 1300 1451 pas-

149 1477 234 1554 tore;
260 1495 349 1542 nam
372 1471 523 1542 Sanctus
545 1471 661 1542 David
683 1469 745 1542 ad¹
767 1471 959 1544 Dominum
979 1474 1196 1568 migraverat.
1248 1473 1298 1544 Et

148 1585 273 1658 multos
294 1587 389 1658 alios
408 1588 564 1679 ejusdem
585 1589 716 1659 ordinis
737 1588 838 1671 viros,
861 1589 1020 1660 similiter
1040 1589 1239 1661 sublimavit
1260 1591 1297 1660 in

150 1704 400 1796 episcopatum,
423 1704 570 1776 mittens
592 1703 671 1774 illos
693 1727 756 1797 per
775 1705 933 1797 patriam,
956 1707 1180 1800 dividensque
1198 1730 1297 1801 paro-

150 1817 240 1890 chias
260 1821 344 1902 sibi,
367 1821 412 1891 ad
435 1821 731 1913 opportunitatem
755 1821 838 1892 cleri
858 1830 896 1892 et
914 1823 1043 1915 populi.
1094 1822 1133 1892 N
1135 1847 1204 1894 unc
1220 1847 1297 1916 quae

150 1937 273 2029 scripto
292 1938 532 2031 cognovimus,
556 1937 651 2008 facta
666 1960 729 2030 per
751 1960 833 2008 eum
853 1938 1028 2022 miracula,
1052 1962 1094 2009 ea
1116 1939 1235 2024 literis,
1259 1949 1297 2011 et

150 2055 325 2124 memoriae
339 2054 632 2125 commendamus.
685 2052 781 2124 Nam
794 2054 942 2124 tacendo
959 2053 1028 2125 Dei
1045 2063 1082 2126 et
1098 2065 1296 2128 sanctorum

150 2169 316 2240 virtutem
339 2171 494 2264 graviter
514 2167 778 2262 delinquimus?
802 2171 1019 2264 predicando
1042 2195 1123 2242 vero
1144 2195 1295 2268 congau-

154 2284 284 2356 demus.
335 2284 502 2358 Habebat
515 2287 655 2379 quidem
669 2295 739 2358 tres
752 2287 969 2371 summarios3
987 2295 1023 2358 et
1035 2286 1132 2358 nullo
1145 2288 1295 2360 ducente

156 2423 215 2471 eos
235 2402 332 2472 ibant
352 2403 397 2473 ad
419 2403 552 2486 silvam,
576 2404 709 2474 onerati
730 2427 753 2474 a
772 2402 963 2497 lignatoriis
983 2404 1054 2474 suis
1073 2405 1233 2474 redibant
1250 2406 1295 2474 si·

153 2516 227 2588 mili
251 2517 369 2588 modo³
385 2520 460 2590 sine
476 2516 592 2611 aliquo
609 2520 774 2604 ducente;
799 2527 837 2591 et
854 2521 903 2590 sic
920 2520 1114 2591 serviebant
1131 2520 1294 2590 fratribus

153 2632 332 2727 quotidie.⁴
381 2635 516 2706 Dicunt
527 2633 637 2706 enim⁵
649 2635 750 2706 illum
761 2638 982 2708 resuscitasse
991 2643 1179 2719 mortuum,
1191 2658 1293 2728 super

150 2752 292 2824 fluvium
310 2752 434 2835 Coum,
452 2753 592 2823 nomine
610 2750 795 2824 Distinnic.
847 2752 1049 2844 Dicuntque
1064 2751 1292 2845 paralyticum

149 2869 184 2940 in
199 2869 348 2940 ecclesia
368 2868 482 2951 Radh,
508 2891 624 2940 coram
645 2870 740 2939 omni
759 2867 889 2962 populo
910 2869 955 2939 ab
976 2891 1018 2940 eo
1038 2876 1207 2952 sanatum,
1234 2868 1291 2938 die

149 2985 334 3070 dominica;
361 2993 398 3056 et
411 3007 618 3078 quocunque
635 2984 753 3056 dolore
771 2986 1027 3080 agrotabantur
1042 2983 1179 3067 infirmi,
1193 3007 1290 3055 cura·

149 3101 273 3172 bantur
290 3103 366 3193 ejus
386 3099 510 3172 marnis
531 3101 761 3194 impositione.
812 3099 871 3170 Illi
887 3125 969 3171 vero
986 3101 1045 3194 qui
1066 3099 1217 3192 aliquam
1239 3100 1291 3169 in-

142 3217 268 3310 juriam
289 3217 357 3288 sibi
377 3217 560 3300 faciebant,
583 3226 645 3288 aut
661 3218 722 3287 diu
739 3217 989 3300 cruciabantur,
1009 3225 1071 3286 aut
1088 3212 1289 3287 1111οό1ωο-

147 3335 337 3418 riebantur;
361 3343 404 3404 ut
421 3332 563 3404 foemina
578 3334 770 3416 temeraria,
789 3357 865 3426 quae
881 3333 918 3402 in
935 3357 977 3403 eo
993 3333 1160 3426 peccavit,
1172 3354 1287 3402 coram

148 3453 239 3522 omni
251 3449 383 3546 populo
396 3449 584 3543 liquefacta
594 3460 658 3522 cst.
709 3449 862 3534 Quidam
874 3449 981 3520 etiam
999 3448 1165 3541 Regulus,
1180 3445 1288 3517 Guai-

147 3568 211 3639 dan
228 3567 381 3650 nomine,
395 3566 537 3638 violavit
554 3567 729 3661 refugium
742 3565 843 3648 illius,
857 3566 893 3634 in
905 3564 1053 3658 quadam
1067 3562 1130 3634 sud
1141 3559 1298 3634 ecclesiia·

149 3681 331 3755 Ianteilau
353 3682 496 3754 Bechan
517 3682 705 3777 vulgariter
726 3689 862 3766 vocata3
888 3683 980 3752 unde
1001 3679 1191 3774 frangendo
1207 3679 1287 3750 bac·

147 3799 267 3872 chatus
289 3807 354 3883 est,
380 3807 418 3870 et
441 3800 559 3870 statim
576 3799 692 3871 viliter
714 3800 751 3868 in
771 3799 927 3891 ejusdem
950 3797 1149 3868 coemeterio
1170 3796 1287 3867 amisit

147 3918 314 4010 spiritum.
376 3916 679 4011 Recognoscentes
705 3925 824 3986 autem
853 3914 1002 4008 culpam,
1031 3914 1188 4007 protinus
1213 3914 1288 4006 ejus

145 4033 303 4126 precibus
318 4033 569 4126 recuperabant
585 4031 734 4104 salutem
751 4041 788 4104 et
805 4032 952 4104 veniam.

194 4149 238 4220 In
260 4159 366 4220 nocte
388 4159 507 4220 autem
531 4150 754 4242 depositionis
776 4150 851 4241 ejus
872 4172 1000 4244 magna
1021 4148 1186 4220 dissentio
1209 4156 1286 4218 orta

146 4275 197 4336 est
209 4268 302 4337 inter
314 4265 424 4338 cleros
436 4266 543 4336 trium
557 4265 780 4337 ecclesiarum
797 4265 898 4348 illius,
912 4263 1055 4360 singulis
1070 4265 1286 4357 praetenden-

93 4443 98 4452 .
147 4383 236 4454 tibus
260 4405 340 4454 suas
363 4383 590 4454 auctoritates
615 4390 653 4453 et
676 4382 857 4477 privilegia
880 4382 925 4452 de
948 4380 1108 4451 habendo
1133 4402 1285 4472 corpore.

18 4513 26 4536 ·
148 4494 226 4570 Una
241 4500 384 4592 quidem
408 4498 454 4569 ob
477 4497 690 4592 sepulturam
712 4506 852 4593 patrum
870 4517 1021 4578 suorum,
1047 4505 1084 4566 et
1104 4494 1285 4567 haeredita·

180 4693 281 4752 1,4.0.
316 4697 383 4752 ²Sic
396 4695 605 4764 Bmeltqotmoe.
624 4695 703 4751 MSS.
739 4693 910 4751 ³sioO.‹10.
930 4693 968 4749 H.
1003 4691 1226 4747 ⁴Sic0.cotidtc.
1247 4689 1284 4746 ll.

149 4779 241 4840 'Forte
258 4783 308 4857 leg.
327 4787 420 4842 etiam.
441 4781 474 4836 E.
512 4781 596 4836 ⁶[lico
613 4801 662 4854 pro
679 4783 755 4837 illico.
774 4781 854 4836 MSS.
