3318 5804
378 819 452 892 236
750 835 859 888 ursan
883 835 1141 890 umnavuusrs.

375 1007 460 1076 tiico
471 1003 624 1086 Abbate‚
638 999 829 1096 Eswuicg¹
842 999 994 1083 Abbcte,
1008 1011 1045 1072 et
1057 1001 1250 1074 astantibus
1263 1001 1431 1086 Ducibus,
1445 1001 1509 1073 Al-

374 1123 446 1194 fere
458 1120 569 1204 Duce,
582 1117 723 1212 Alphea
740 1116 850 1200 Duce,
867 1117 1052 1188 Ethcstan
1069 1117 1178 1202 Duce,
1197 1141 1278 1189 cum
1295 1122 1417 1192 multis
1433 1121 1506 1192 aliis

374 1238 506 1308 clericis
518 1245 556 1308 et
572 1235 677 1308 laicis.
729 1233 815 1304 Post
827 1234 945 1304 datam
965 1234 1030 1305 sibi
1047 1233 1272 1326 apostolicam
1288 1237 1507 1330 dignitatem,

374 1354 537 1449 migravit
552 1353 596 1424 ad
614 1351 815 1422 Dominum.

645 1577 929 1652 (MARCHLUID
965 1576 1237 1649 EPISCOPUS.)

424 1752 623 1825 Marchluid
636 1751 827 1847 Episcopus
844 1751 1038 1834 Laudaviae,
1061 1759 1219 1846 ternpore
1238 1751 1387 1822 filiorum
1408 1749 1512 1822 Mor-

375 1880 464 1955 cant,
483 1870 608 1953 Ouein,
626 1869 843 1965 Idguallaun,
862 1865 1157 1952 caturcinum?

697 2114 878 2188 (anunm
914 2113 1188 2188 unrscorusr)

424 2292 613 2364 Sciendum
635 2299 689 2362 est
712 2289 805 2384 quod
827 2296 975 2381 quatuor
996 2289 1127 2361 alumni
1147 2288 1203 2372 Ili,
1220 2289 1338 2372 idest,
1357 2289 1508 2370 Elmoin‚

375 2407 472 2493 Nud,
489 2407 662 2502 Melguna
678 2405 851 2500 Arguistil
865 2405 1133 2477 immolaverunt
1147 2402 1416 2499 Lannguronoi‚⁴
1430 2427 1511 2474 curn

374 2527 491 2597 modio
504 2524 587 2620 agri,
601 2532 638 2596 et
650 2522 863 2604 semimodio‚
876 2545 940 2615 pro
952 2522 1132 2593 animabus
1144 2523 1223 2604 suis,
1235 2520 1322 2605 Deo,
1334 2530 1371 2594 et
1384 2521 1512 2592 sanctis

373 2641 625 2713 confessoribus
642 2639 820 2722 Dubricio,
837 2638 991 2723 Teliauo,
1009 2647 1046 2709 et
1059 2637 1235 2721 Oudocoo,
1252 2639 1358 2709 verbo
1375 2645 1413 2708 et
1430 2659 1512 2708 con·

372 2780 476 2829 sensu
493 2756 601 2852 Regis
618 2755 845 2838 Morcauhuc,
864 2754 928 2826 Ris
944 2755 1107 2826 videlicet
1123 2753 1186 2824 filii
1203 2752 1328 2836 Ouein,
1347 2752 1451 2825 simul
1474 2761 1512 2823 et

373 2873 560 2944 donatione
577 2873 650 2964 ejus
667 2872 705 2942 iu
720 2879 889 2964 perpetua
900 2871 1085 2954 oblatione,
1103 2879 1140 2942 et
1157 2871 1229 2941 siue
1240 2869 1314 2940 ullo
1326 2891 1432 2940 ceusu
1448 2867 1511 2937 ulli

371 2987 504 3057 homini
517 2995 663 3069 terreno,
677 2986 743 3056 nisi
753 2986 927 3080 Episcopo
939 2986 1133 3070 Laudaviae,
1145 2995 1182 3057 et
1191 2987 1228 3056 in
1237 3007 1343 3057 manu
1354 2986 1508 3076 ejusdem

371 3099 546 3195 Episcopi,
560 3101 680 3172 Bledri
694 3103 850 3187 nomine;
873 3111 911 3174 et
923 3126 1004 3173 curn
1016 3102 1111 3174 omni
1123 3103 1365 3173 communione
1378 3102 1510 3182 incolis,

372 3219 409 3289 in
432 3241 522 3311 aqua
544 3227 581 3290 et
604 3220 640 3288 in
660 3219 806 3312 pascuis,
824 3220 861 3289 in
878 3227 1055 3312 cumpost
1074 3221 1110 3290 in
1127 3219 1230 3290 silvis.
1282 3217 1339 3290 De
1355 3217 1510 3300 Clericis,

372 3343 480 3407 test-es
498 3342 578 3406 sunt
595 3333 715 3406 Bledri
734 3334 935 3429 Episcopus,
952 3334 1061 3408 Joseb
1082 3336 1278 3430 presbyter,
1301 3343 1338 3406 et
1361 3336 1512 3407 decanus

372 3452 567 3536 Landaviae,
582 3452 650 3536 Eli,
664 3451 799 3536 Ericuc,
812 3451 997 3547 Auguinn;
1023 3453 1067 3524 ds
1083 3451 1179 3523 laicis
1196 3475 1278 3523 voro
1295 3448 1427 3535 testes,⁶
1445 3451 1509 3522 Ris

373 3570 465 3642 filius
482 3567 597 3641 Ouein
615 3569 703 3653 Rex,
722 3569 880 3640 Gurcant
895 3568 987 3640 filius
1005 3567 1223 3653 Merchiaun,
1241 3567 1379 3665 Bledgu
1402 3565 1512 3639 filius⁶

374 3685 521 3770 Ocretic,
557 3686 675 3757 Edilm
711 3685 804 3757 filius
840 3685 989 3770 Teudus,
1029 3685 1237 3758 Merchiaun
1274 3685 1365 3756 filius
1398 3684 1510 3757 Arth-

374 3799 478 3884 bieid,
502 3801 625 3874 Gonan
646 3803 736 3874 filius
756 3800 923 3874 Jacouau.
991 3800 1039 3873 Et
1061 3825 1142 3873 cum
1164 3803 1247 3874 data
1267 3802 1511 3873 benedictione

373 3917 532 3986 omuibus
570 3920 793 4002 servantibus,
832 3927 869 3990 et
906 3920 1091 3990 servaturis
1126 3917 1217 3990 hanc
1252 3919 1505 4000 eleemosinm

375 4052 455 4100 cum
473 4033 567 4101 omui
584 4035 755 4127 dignitate
772 4059 842 4120 sua,
860 4044 898 4107 et
914 4036 1075 4107 libertate
1091 4035 1128 4106 in
1144 4036 1291 4107 ecclesia
1308 4035 1506 4117 Laudavioe3

375 4146 619 4219 maledictione
629 4159 747 4221 autem
758 4173 839 4221 oum
847 4160 1016 4246 perpetuo
1025 4151 1246 4225 anathemate
1255 4152 1509 4234 violaturisaut

375 4262 540 4334 ablaturis
562 4263 674 4334 laicali
696 4267 741 4348 vi,
766 4275 827 4336 aut
849 4268 965 4360 aliqua
986 4269 1155 4340 tirannica
1173 4277 1346 4362 potestate
1362 4268 1511 4361 amplius

375 4381 418 4450 ab
431 4380 576 4452 ecclesia
588 4379 782 4465 Laudariae,
801 4393 838 4452 et
855 4403 876 4454 a
891 4385 1085 4477 pastoribus
1102 4386 1185 4478 ejus.
1236 4383 1363 4456 Arnen.
1413 4383 1512 4456 Finis

410 4697 584 4754 ¹Adriuroroe.
605 4700 639 4753 Ο.
674 4701 815 4756 ’Uinium
828 4701 864 4755 Ο.
899 4701 1026 4754 ³Nomen
1038 4701 1164 4772 Episcopi
1175 4701 1293 4772 positum
1306 4705 1346 4754 est
1357 4715 1407 4770 pro
1419 4699 1512 4756 titulo.

373 4783 407 4840 E.
442 4785 671 4855 *Mnopaoronot
690 4787 723 4844 Ο.
758 4787 1052 4844 Werotectccdesunt.
1071 4788 1105 4843 Ο.
1140 4789 1247 4842 ⁶Fib'os
1258 4786 1341 4842 deest.
1360 4786 1397 4840 Ο.
