3336 5810
387 755 461 828 266
763 769 873 820 monn
897 767 1157 820 nannavsssrs.

384 939 486 1010 illum
509 937 625 1033 Elgar.
676 935 849 1028 Tempore
866 931 1041 1006 Wilielmi
1064 935 1181 1030 Regis,
1204 945 1243 1008 et
1265 935 1418 1010 Comitis
1435 936 1532 1010 Wil-

384 1055 490 1138 lelmi‚
517 1063 554 1125 et
580 1051 732 1124 Walteri
757 1052 802 1122 de
828 1050 923 1134 Loci,
950 1059 988 1122 et
1013 1051 1106 1122 Reul
1132 1052 1176 1123 de
1201 1051 1373 1126 Bemhai¹
1398 1055 1536 1130 viceco-

384 1171 480 1242 mitis
496 1169 702 1252 Herfordisa
721 1168 855 1238 factum
872 1175 927 1240 est
942 1167 1127 1240 castellum
1144 1169 1188 1240 de
1205 1168 1358 1264 Mingui
1376 1179 1417 1242 et
1435 1173 1535 1245 dedit

384 1310 501 1360 comes
514 1285 718 1357 Willelmns
730 1285 958 1356 medietatem
971 1283 1105 1356 castelli
1117 1286 1229 1356 tribus
1245 1285 1434 1360 baronibus
1450 1289 1532 1373 suis,

383 1402 545 1486 Hunfrai,
572 1400 740 1484 Osbcmo,
766 1409 804 1474 et
825 1399 1011 1473 Wiilclrno
1032 1401 1207 1494 scriptori3
1248 1409 1285 1473 et
1310 1425 1353 1472 eo
1387 1413 1534 1476 mortuo

386 1521 542 1592 succedit
558 1519 591 1590 ei
612 1519 770 1612 Rogerus
787 1538 919 1602 comes;
944 1525 982 1589 et
998 1540 1062 1611 per
1082 1517 1305 1590 traditionem
1327 1523 1453 1612 captus
1477 1529 1535 1592 est

384 1659 513 1731 araga
537 1657 619 1706 eum
642 1635 713 1706 suis
733 1635 972 1718 traditoribus3
1014 1633 1067 1705 ilii
1092 1642 1164 1706 tres
1191 1656 1274 1704 cum
1293 1633 1368 1706 aliis
1390 1634 1537 1708 exhaere

385 1755 488 1826 ditati
521 1761 613 1824 sunt.
685 1751 772 1823 Post
798 1752 872 1822 hrec
895 1751 1017 1822 datum
1041 1758 1095 1822 est
1122 1749 1305 1823 castelium
1332 1749 1538 1824 Guerthen-

385 1893 466 1954 euc;
483 1877 521 1941 et
537 1871 575 1939 in
590 1876 749 1962 tempore
766 1867 860 1938 illius
873 1866 1098 1963 Hergunldus
1108 1865 1301 1962 Episcopus
1317 1869 1537 1940 consecravit

385 1985 569 2057 ecclesiam
586 1985 630 2055 de
647 1984 791 2056 castello
809 1981 961 2079 Mingui
979 1985 1036 2056 cui
1052 1985 1214 2056 interfuit
1232 1984 1422 2058 Caratocus
1439 1985 1533 2057 Rex.

386 2100 436 2172 Et
461 2111 541 2196 post
570 2123 676 2194 quam
702 2100 894 2173 monachus
918 2100 1063 2173 effectus
1092 2109 1155 2185 est,
1183 2103 1349 2174 successit
1377 2103 1410 2173 ei
1436 2101 1536 2174 Ran-

385 2218 467 2289 dulf
474 2219 519 2289 de
529 2216 669 2301 Coliuil,
684 2225 725 2300 et
742 2217 909 2288 defuncto
926 2241 979 2303 eo,
992 2219 1158 2290 successit
1170 2218 1204 2290 ei
1218 2216 1423 2290 Wiilelmus
1439 2219 1535 2291 filius

228 2361 230 2368 ’
384 2335 531 2408 Batnm.
581 2335 689 2407 Terre
707 2331 843 2428 Ercicg,
862 2357 939 2427 quae
954 2336 1038 2406 istas
1054 2334 1218 2406 ecelesias
1239 2334 1277 2404 in
1300 2356 1338 2407 se
1361 2335 1533 2420 continet,

386 2475 524 2547 semper
540 2452 699 2544 subjecte
714 2449 783 2520 suit
799 2451 954 2522 ecelesiae
972 2449 1157 2523 landaviae
1173 2450 1211 2523 in
1230 2451 1326 2522 omni
1342 2451 1534 2546 episcopali

386 2569 623 2662 subjectione3
651 2575 688 2640 et
705 2566 742 2636 in
758 2573 917 2660 tempore
935 2565 1153 2651 Sanctorum,
1180 2565 1240 2660 qui
1265 2567 1362 2661 prius
1386 2566 1534 2662 Episco-

385 2693 488 2779 patus
504 2709 568 2779 per
584 2681 804 2754 Britanniam
819 2684 1077 2756 constituemnt
1092 2707 1202 2777 usque
1218 2683 1263 2754 ad
1279 2690 1420 2777 tempus
1436 2681 1533 2755 Her-

384 2801 504 2896 gualdi
521 2799 695 2895 Episcopi,
713 2807 751 2870 et
767 2799 862 2872 idem
879 2799 1104 2895 Hergmaldus
1120 2801 1259 2872 saisitus
1275 2799 1343 2871 fuit
1368 2799 1430 2872 issa
1452 2823 1534 2895 par-

385 2916 487 2987 ochia
502 2918 539 2986 in
556 2916 651 2986 omni
676 2914 863 3010 episcopali
889 2915 1117 3008 subjectione,
1141 2916 1179 2986 in
1203 2915 1335 2999 sinodo,
1361 2916 1398 2986 in
1423 2915 1534 2990 chris-

383 3041 489 3115 mate
507 3033 545 3102 in
569 3032 836 3116 consecratione,
861 3034 899 3103 in
917 3034 1144 3116 ordinatione,
1167 3041 1204 3104 et
1224 3041 1383 3126 tempore
1405 3055 1532 3127 regum

383 3145 534 3241 Angfiae,
548 3147 728 3242 Etguardi,
746 3157 784 3221 et
800 3148 958 3233 Haraldi,
981 3147 1035 3222 et²
1048 3148 1238 3234 Willelmi;
1256 3148 1397 3242 Regum
1415 3147 1532 3220 Guel-

383 3263 439 3334 lioe
473 3263 627 3336 Griffudi
649 3263 712 3336 filii
739 3264 888 3350 Liuelin,
916 3266 1056 3339 Grifirdi
1080 3266 1144 3337 filii
1169 3265 1332 3348 Rideroh
1363 3263 1530 3337 Caratoci
1665 3255 1666 3266 ¹

383 3381 499 3452 fratris
516 3382 599 3474 ejus,
617 3389 654 3453 et
671 3381 735 3454 Ris
755 3381 925 3466 similiter,
951 3406 1087 3455 necnon
1108 3382 1268 3454 Oaratoci
1291 3381 1355 3452 filii
1377 3379 1530 3466 Griffud,

383 3506 421 3569 et
444 3497 598 3570 Ridcrch
613 3498 677 3569 filii
687 3497 831 3582 Carano,
846 3500 920 3594 (qui
937 3499 1006 3570 duo
1020 3499 1136 3594 Reges
1152 3499 1295 3572 fuerunt
1310 3499 1348 3568 in
1364 3505 1529 3593 tempore

384 3613 560 3685 Willelmi
577 3614 714 3710 Regis3)
732 3623 769 3686 et
788 3615 839 3686 ita
852 3615 926 3686 sine
942 3615 1060 3711 aiiqua
1076 3616 1250 3688 calumnia
1266 3616 1378 3686 donec
1393 3638 1459 3708 per
1472 3616 1526 3686 in-

382 3730 586 3802 firmitatem
599 3754 697 3804 suam
710 3739 747 3804 et
759 3731 965 3802 discordiam
985 3731 1054 3804 fuit
1074 3731 1119 3804 ab
1144 3755 1186 3804 eo
1212 3731 1388 3826 elongata
1415 3740 1455 3804 et
1479 3733 1524 3804 sb

382 3844 444 3915 illa
469 3846 526 3918 die
551 3869 696 3942 semper,
722 3871 825 3942 super
848 3848 1068 3930 calumniam,
1094 3857 1132 3920 et
1156 3845 1284 3942 injuste
1308 3847 1353 3919 ab
1378 3847 1528 3920 ecclesis

386 3959 605 4034 Hercfordiae
621 3973 769 4036 retento.
861 4053 866 4060 ι

433 4277 597 4364 Quando³
620 4280 701 4354 Rex
721 4280 924 4356 Wiilelmus
945 4283 1155 4377 conquisivit
1176 4282 1354 4377 Angliam,
1377 4282 1532 4355 tenebat

384 4393 607 4492 Hergualdus
623 4396 838 4497 Episcopus⁴¹
850 4401 1089 4494 episcopatum
1107 4399 1343 4471 Landavcnsis
1359 4397 1529 4486 ecclesiae,

417 4646 544 4708 ¹13ernai.
562 4651 595 4708 Ο.
631 4651 688 4708 ²Et
699 4653 851 4727 suppletur.
870 4653 905 4714 B.
940 4654 1079 4714 ³Nullum
1091 4653 1207 4714 titulum
1223 4651 1369 4710 habethoc
1382 4653 1534 4713 documen·

383 4740 453 4792 tum.
479 4737 512 4794 E.
547 4740 709 4808 *Episcopus
732 4741 815 4799 deest.
840 4743 873 4798 Ο.
