3318 5804
367 773 438 848 198
738 793 846 844 muna
869 791 1129 846 munavuums,

367 981 424 1032 sus
441 958 611 1028 orientem
628 958 663 1026 di
685 979 819 1027 messur
839 959 1010 1050 pritguen,
1028 983 1049 1027 o
1066 981 1199 1030 messur
1214 964 1378 1058 pritguen
1394 987 1431 1033 aa
1446 963 1499 1034 hit

366 1077 379 1144 i
404 1073 481 1144 ford
506 1097 606 1144 maur
630 1073 763 1142 diuinid
791 1072 852 1142 bet
880 1075 1118 1165 pennarciueir
1141 1075 1441 1172 hapennibetques
1464 1080 1499 1149 in

366 1197 463 1284 parte
481 1189 635 1272 dextera,
652 1189 713 1259 ubi
729 1189 869 1281 incepit.

612 1453 748 1525 Bnuuu
766 1453 927 1540 Lucum,
944 1451 1005 1526 nn¹
1023 1451 1256 1529 Mannunm?

417 1654 580 1728 Femuail
599 1655 690 1725 filius
707 1652 731 1724 J
732 1654 850 1725 udhail
867 1655 965 1726 dedit
985 1659 1086 1729 uxori
1103 1679 1173 1727 sua
1189 1655 1355 1743 Oeincair‚
1373 1662 1411 1732 in
1427 1687 1504 1738 mo-

360 1775 453 1846 dum
470 1773 568 1855 dotis,
593 1795 673 1841 cum
694 1771 887 1842 haeredibus
908 1773 986 1855 suis,
1005 1771 1090 1844 Orin
1112 1775 1262 1857 nomine,
1279 1775 1350 1846 filio
1368 1777 1506 1854 Moroi-

368 1914 470 1972 uanu,
488 1897 526 1959 et
541 1888 700 1958 omnibus
722 1888 912 1980 pecudibus
930 1890 1000 1960 suis
1016 1890 1226 1974 domesticis,
1249 1898 1286 1962 et
1302 1899 1507 1987 campestri.

361 2000 868 2098 .bus‚Brinnlug1mi,et¹oum
893 2005 1005 2076 tribus
1029 2007 1154 2076 modiis
1174 2015 1275 2078 terrae
1291 2007 1507 2097 Mathenni,i

366 2122 524 2194 Mustuir
537 2119 632 2204 Mur,
647 2121 835 2190 cumomni
852 2118 915 2191 sus
927 2121 1099 2193 libertate.
1150 2122 1239 2208 Quae
1250 2135 1435 2218 postquam
1447 2153 1506 2200 ac-

366 2240 461 2330 cepit
485 2235 675 2308 aDomino
692 2259 763 2319 suo,
784 2259 867 2330 rege
887 2237 1062 2329 praedicto,
1088 2247 1196 2310 terras
1221 2241 1305 2314 istas
1329 2266 1410 2314 cum
1434 2246 1505 2316 suis

364 2355 527 2428 omnibus
548 2353 674 2424 finibus
697 2361 734 2422 et
754 2353 1017 2438 habitatoribus,
1035 2355 1140 2426 simul
1156 2379 1238 2426 cum
1254 2380 1316 2430 sua
1334 2360 1439 2453 prole,
1465 2362 1505 2431 in

368 2478 545 2566 perpetuo,
570 2470 660 2538 dixit
676 2476 713 2540 et
730 2470 834 2540 verbo
851 2471 950 2564 regis,
969 2480 1007 2542 et
1023 2493 1193 2544 consensu
1212 2474 1325 2558 simul,
1344 2483 1381 2545 et
1397 2477 1505 2548 dona-

368 2591 473 2671 tione,
500 2585 679 2656 “Immolo
697 2584 785 2668 Deo,
810 2593 847 2656 et
865 2585 995 2657 Sancto
1012 2585 1128 2673 Petro,
1149 2587 1201 2660 et¹
1220 2588 1358 2661 Sanctis
1374 2590 1505 2663 Dubri-

369 2706 462 2788 “cio,
480 2703 633 2775 Teliauo,
647 2710 684 2774 et
696 2700 872 2786 Oudoceo,
887 2711 924 2773 et
936 2705 974 2773 in
989 2727 1096 2775 manu
1109 2705 1313 2800 Oatguareti
1327 2706 1503 2803 Episcopi,

369 2831 435 2893 “et
451 2821 611 2891 omnibus
627 2819 795 2912 episcopis
813 2817 999 2890 Laudaviae
1015 2823 1053 2890 in
1068 2830 1247 2914 peipetuo,
1266 2833 1504 2896 cumsuatota

367 2949 388 2979 “
397 2939 577 3030 dignitate,
602 2943 638 3004 et
657 2935 829 3018 libertate,
847 2944 884 3006 et
901 2937 996 3006 omni
1013 2938 1255 3008 communione
1272 2941 1310 3008 in
1325 2963 1449 3034 eampo
1466 2950 1505 3013 et

368 3066 388 3096 ‘⁶
397 3055 434 3123 in
450 3051 553 3134 silvis,
571 3053 609 3121 in
625 3071 715 3142 aqua
731 3060 769 3120 et
784 3052 822 3122 in
837 3053 1003 3145 pascuis.''
1053 3051 1110 3122 De
1127 3052 1279 3138 Clericis,
1297 3063 1406 3127 testes
1421 3067 1504 3128 sunt

367 3171 557 3263 Catguaret
574 3166 775 3260 Episcopus,
792 3206 940 3222 --
956 3169 1001 3240 de
1017 3169 1121 3252 laicis,
1136 3167 1299 3245 Femuail
1316 3171 1396 3243 Rex
1412 3173 1504 3245 filius

366 3285 519 3368 Judhail,
538 3294 575 3355 et
590 3306 680 3354 uxor
696 3283 770 3375 ejus
787 3282 955 3368 Oeincair,
973 3284 1084 3368 Elioo,
1101 3284 1230 3371 Aidan,
1249 3271 1371 3372 Oinfio,
1389 3287 1505 3362 Guor-

367 3403 527 3487 ceiveith,
546 3400 705 3484 Gualluo,
722 3398 838 3471 Giduc
855 3400 947 3471 filius
963 3399 1093 3472 Dimel.

823 3664 1042 3738 Minimum.

417 3869 503 3940 Post
519 3871 602 3953 haec,
620 3870 736 3942 ablata
751 3868 812 3940 illa
828 3867 962 3950 tellure,
981 3875 1018 3938 et
1034 3867 1184 3960 quadam
1200 3868 1312 3940 laicali
1326 3871 1371 3954 vi,
1389 3879 1426 3942 et
1441 3895 1501 3965 po-

366 3992 494 4055 testate
511 3985 555 4055 ab
572 3985 718 4055 ecclesia
735 3982 929 4068 Laudaviae,
948 3990 985 4054 et
1001 3983 1246 4078 aOatgoaneto
1260 3985 1432 4080 Episcopo
1444 4011 1501 4058 ca·

366 4099 536 4170 lumniata
552 4096 650 4191 saepe,
667 4101 819 4170 reddidit
836 4124 914 4172 eam
936 4101 1117 4172 ecclesiam
1134 4101 1323 4174 Mathenni
1340 4125 1418 4172 cum
1438 4103 1501 4172 tri-

365 4217 431 4287 bus
447 4214 571 4283 modiis
586 4221 695 4296 terrae,
714 4213 931 4287 Morcun1is³
946 4241 1009 4310 pro
1027 4218 1142 4288 anima
1158 4241 1228 4302 sua,
1246 4243 1291 4290 ne
1308 4219 1404 4290 fieret
1420 4241 1502 4311 par·

366 4333 477 4425 ticeps
498 4331 864 4402 excommunicationis
886 4333 987 4404 factoe
1004 4334 1069 4405 sibi
1086 4340 1123 4404 et
1143 4336 1303 4407 omnibus
1319 4332 1502 4406 ecclesiam

366 4448 463 4521 illam
479 4471 560 4520 oum
578 4471 640 4520 sua
658 4447 784 4523 tellure
800 4448 1016 4532 habitaturis,
1034 4448 1100 4520 nisi
1122 4474 1185 4543 per
1200 4452 1350 4547 gratiam
1366 4461 1404 4524 et
1420 4477 1504 4526 oon-

578 4735 726 4794 ¹Etdeest
744 4737 780 4794 Ο.
815 4737 959 4796 motam.
978 4740 1014 4796 Ο.
1050 4739 1226 4794 morcinum.
1245 4739 1282 4794 Ο.
