3316 5796
329 809 379 880 44
704 825 813 877 unna
837 819 1098 873 asunsvnusrs.

330 995 355 1066 J
356 1018 418 1067 esu
436 993 575 1076 Christi,
595 1000 766 1085 quatenus
783 997 820 1059 et
836 988 894 1058 hic
911 986 1065 1057 fructum
1085 988 1185 1056 bonae
1202 986 1349 1056 actionis
1364 987 1479 1078 perci-

331 1114 437 1206 piant,
452 1119 489 1182 et
502 1110 594 1204 apud
608 1097 805 1179 districtum
817 1105 842 1175 J
843 1105 982 1176 udicem
999 1105 1142 1198 praemia
1158 1110 1295 1172 aeternae
1312 1102 1408 1195 pacis
1423 1103 1480 1172 in·

332 1229 483 1300 veniant.
535 1223 664 1296 Amen.
715 1222 845 1293 Amen.
896 1220 1026 1291 Amen.

387 2859 470 2932 Dat.
485 2860 651 2932 Laterani
668 2882 731 2952 per
742 2883 887 2931 manum
899 2857 1069 2930 Aimeriei
1087 2858 1225 2930 Sancta
1238 2859 1406 2930 Romanae
1423 2883 1483 2930 ec-

338 2976 450 3048 clesiae
468 2976 617 3047 Diaconi
635 2976 737 3046 Card.
756 2986 794 3046 et
807 2977 960 3048 Cancell.
979 3000 1059 3048 non.
1074 2975 1161 3070 Apr.
1176 2975 1295 3046 indict.
1310 2995 1374 3046 v11.
1388 2999 1481 3046 anno

337 3094 582 3163 incarnationis
608 3092 819 3164 Dominicasl
844 3101 1085 3164 nomimant
1112 3092 1335 3185 pontificatus
1360 3101 1480 3164 autem

338 3210 470 3279 domini
488 3208 637 3280 Honorii
655 3210 760 3304 Papae
779 3209 943 3294 Secundi,
962 3232 1052 3281 anno
1069 3205 1119 3279 v.²

388 3442 586 3515 Horonon
608 3444 810 3538 Episcopus,
839 3468 957 3516 servus
983 3467 1160 3515 servorum
1186 3441 1264 3526 Dei,
1293 3441 1482 3513 venerabili

337 3562 435 3632 fiatri
448 3559 525 3630 W?
537 3559 779 3633 cantuariensi
792 3560 1076 3654 Archiepiscopo,
1094 3559 1291 3653 apostolica
1309 3560 1400 3631 sedis
1413 3557 1484 3630 Le-

337 3688 430 3772 gato,
442 3678 591 3749 salutem
604 3687 641 3750 at
653 3680 880 3773 apostolicam
893 3679 1184 3750 benedictionem.
1212 3674 1392 3747 Fratribus
1404 3699 1484 3746 nos-

337 3795 400 3863 tris
417 3793 595 3865 Bemardo
613 3794 735 3867 Sancti
758 3794 861 3879 Doni,
885 3804 923 3867 et
944 3793 1119 3866 Richardo
1137 3793 1360 3864 Herfortensi
1382 3793 1485 3885 Epis-

338 3911 442 4002 copis,
464 3910 679 3980 mediantem
697 3912 998 4006 quadragesimam
1014 3913 1205 3982 terminum
1226 3913 1419 3991 statuimus,
1441 3917 1484 3979 ut

338 4026 383 4096 ad
399 4033 553 4096 nostram
567 4028 725 4097 venirent
741 4031 970 4121 praesentiam,
989 4037 1026 4099 at
1039 4029 1152 4121 siquid
1164 4028 1325 4098 adversus
1342 4025 1487 4096 Urban-

339 4165 400 4212 um
423 4141 687 4212 Laudavensem
710 4142 926 4237 Episcopum
950 4147 994 4216 de
1017 4144 1206 4238 parrochia,
1231 4143 1321 4213 unde
1344 4148 1486 4210 contro-

341 4259 451 4329 versia
467 4259 559 4329 inter
576 4282 635 4329 eos
652 4261 784 4353 agitata
801 4261 925 4346 fuerat,
950 4286 987 4332 se
1003 4262 1131 4333 habere
1149 4261 1371 4340 confiderent,
1390 4258 1488 4351 quod

341 4375 488 4447 dictaret
503 4376 642 4467 justitia
662 4377 871 4447 obtinerent.
924 4377 996 4471 Ipsi
1018 4399 1100 4449 vero
1122 4401 1188 4449 nec
1209 4384 1394 4458 venerunt3
1420 4397 1489 4445 nec

341 4490 417 4584 qui⁴
428 4515 491 4585 pro
504 4492 555 4563 eis
567 4501 710 4587 agerent
722 4515 887 4586 personas
900 4496 1081 4567 miserunt.
1131 4493 1210 4564 Nos
1223 4516 1316 4588 ergo,
1330 4514 1490 4563 commu-

424 4779 559 4839 ¹Domr'ni.
577 4783 610 4837 0.
646 4781 805 4853 ²5Ap1·ilis‚
825 4786 902 4840 1129.
938 4783 1022 4856 ³ch.
1039 4783 1171 4838 Witletmo.
1190 4781 1224 4837 E.
1259 4782 1353 4849 *Qum
1373 4780 1408 4836 0.
