3318 5804
535 839 643 889 mann
667 839 923 891 nsunsvnusrs.
1223 823 1292 896 157

152 1002 316 1074 ‘Manaur
339 1012 506 1086 troumur,
532 1011 568 1073 et
587 999 752 1086 Laudeui,
778 1012 815 1073 et
832 1003 932 1073 Lanu
948 1001 1111 1086 Junabui,
1137 1012 1174 1075 et
1192 1003 1290 1074 Lanu

160 1117 329 1190 Guoruoe
349 1120 385 1189 in
407 1140 528 1212 campo
547 1118 727 1202 Molochu,
746 1129 783 1190 et
803 1120 934 1212 podum
951 1116 1104 1202 Maium,
1122 1127 1159 1190 et
1176 1118 1290 1189 Lanu·

161 1234 315 1320 calcuch,
340 1243 377 1307 et
403 1233 503 1306 Lanu
526 1234 663 1319 Cerniu,
682 1259 762 1305 cum
779 1233 842 1306 sud
857 1233 935 1305 tota
956 1233 1057 1318 terra,
1083 1236 1156 1307 sine
1176 1235 1291 1328 aliquo

160 1349 305 1434 herede,
321 1351 389 1422 nisi
406 1351 450 1421 ad
462 1349 676 1422 voluntatem
694 1353 931 1444 episcoporum
949 1351 1141 1434 Laudaviaa
1159 1360 1291 1422 etcum

7 1511 8 1542 r
161 1489 223 1538 sua
242 1475 320 1538 tota
339 1466 510 1550 libertate,
529 1476 566 1538 et
582 1475 658 1538 tota
675 1468 917 1538 communione
937 1469 973 1537 in
990 1490 1112 1560 campo
1128 1469 1217 1539 etin
1234 1467 1292 1538 sil·
1410 1479 1415 1488 '

159 1581 219 1666 vis,
245 1584 283 1654 in
305 1606 397 1676 aqua
412 1591 450 1653 et
465 1583 501 1652 in
525 1584 669 1676 pascuis,
696 1584 732 1654 in
756 1591 932 1677 perpetuo.
983 1581 1032 1652 Et
1049 1583 1127 1654 Rex
1143 1582 1291 1654 Athruis

8 1718 9 1733 ¹
160 1699 367 1770 dreumiens
387 1700 598 1770 territorium
623 1708 738 1771 totum
763 1701 800 1770 in
823 1723 907 1795 gyro
923 1723 994 1782 suo,
1021 1721 1135 1792 sparso
1150 1698 1291 1793 pulvere

160 1813 334 1907 sepulchri
357 1813 476 1885 Sancti
499 1814 711 1909 Cynuarchi¹
729 1816 886 1909 discipuli
907 1813 1027 1886 Sancti
1046 1813 1212 1898 Dubricii,
1229 1837 1291 1908 per

160 1940 275 2002 totum
297 1931 494 2014 confinium,
517 1933 742 2004 antecedente
759 1940 878 2004 saneta
893 1955 994 2002 cruce
1014 1954 1094 2000 cum
1114 1932 1291 2025 aspergine

161 2071 256 2140 aquoe
272 2049 476 2132 benedicta,
493 2055 529 2119 et
544 2057 711 2142 praesente
724 2049 895 2142 Episcopo
908 2047 1120 2142 Comeregio,
1134 2071 1214 2118 cum
1230 2071 1292 2119 suo

162 2163 261 2246 clero,
287 2162 381 2234 solus
399 2163 478 2234 Rex
497 2165 658 2257 portabat
674 2165 890 2260 evangelium
910 2166 946 2234 in
963 2165 1072 2246 dorso,
1090 2165 1292 2236 confirmans

163 2279 406 2351 eleemosinam
422 2281 550 2352 factam
566 2304 629 2374 pro
641 2280 757 2352 animai
768 2280 875 2374 patris
888 2281 940 2351 sui
951 2278 1102 2350 Mourici
1119 2281 1155 2349 in
1171 2303 1291 2374 perpe-

162 2403 236 2480 tuo;
263 2404 300 2466 et
317 2397 400 2466 data
419 2395 484 2466 sibi
508 2397 757 2480 benedictione,
779 2395 882 2468 simul
898 2404 936 2467 et
959 2395 1174 2467 absolutione
1190 2395 1290 2478 facta,

162 2513 416 2584 commendavit
434 2513 665 2606 semetipsum,
682 2515 798 2584 anima
813 2522 850 2584 et
862 2535 1011 2605 corpore,
1028 2511 1188 2604 praesenti
1204 2512 1292 2603 epis-

162 2651 258 2721 copo,
275 2636 313 2698 et
328 2629 399 2700 suis
416 2629 665 2701 successoribus
681 2631 717 2699 in
734 2628 879 2701 ecclesia
895 2627 1087 2698 Landaviae.
1139 2625 1195 2697 De
1211 2623 1290 2696 Cle-

161 2745 249 2827 ricis,
263 2753 370 2816 testes
382 2752 473 2828 sunt,
487 2743 709 2841 Comeregius
722 2743 922 2839 Episcopus,
937 2742 1063 2813 Ludon
1074 2741 1195 2813 Abbas
1207 2740 1290 2812 Bol-

14 2927 15 2941 ,
160 2883 249 2954 gros,
267 2859 419 2932 Elheam
436 2858 558 2932 Abbas
576 2861 814 2958 Lannguruoe,
835 2860 1019 2932 Gurdocoe
1031 2858 1153 2929 Abbas
1174 2856 1289 2928 Lann-

15 2961 16 2982 *
162 2977 251 3060 deui,
266 2976 476 3060 Guemabui,
491 2975 708 3071 Guritpenni,
724 2977 907 3060 Guruarui,
921 2975 1021 3048 Lanu
1038 2971 1208 3058 Enniauu,
1229 2973 1291 3043 Bi-

15 3073 18 3106 l
162 3093 257 3175 then,
271 3091 487 3177 Lanuoeuid3
505 3093 664 3178 delaicis,
677 3093 921 3176 RexAthmis,
933 3089 1292 3183 GouedianGurguol

161 3231 243 3280 cum
256 3232 337 3302 agro
346 3232 418 3292 suo,
433 3208 653 3304 Gatrguidan,
667 3209 691 3282 J
691 3209 911 3306 udguallaun,
926 3207 1086 3303 Morgan.
1136 3206 1291 3291 Quicun-

160 3349 230 3420 que
247 3325 456 3408 custodierit,
473 3327 645 3398 custodiat
659 3326 759 3397 illum
777 3324 888 3409 Deus;
913 3324 973 3417 qui
989 3331 1107 3395 autem
1122 3321 1166 3392 ab
1182 3320 1291 3392 eccle-

11 3481 13 3518 :
162 3445 212 3514 sia
228 3441 413 3512 Laudavioe
433 3444 648 3534 separaverit,
674 3442 859 3514 mathema
882 3441 937 3511 sit.
988 3437 1083 3509 Finis
1108 3444 1170 3519 est,
1197 3435 1289 3505 Mai-

161 3581 247 3630 naor
263 3565 430 3640 troumur,
448 3559 605 3631 elisama
620 3557 718 3632 vallis
734 3581 847 3630 annuc
863 3557 901 3627 in
918 3554 1008 3648 Guy,
1026 3575 1160 3624 sursum
1179 3548 1289 3644 longi·

160 3675 282 3746 tudine
306 3671 405 3746 vallis
429 3675 473 3745 ad
497 3674 622 3747 fossam
647 3677 684 3748 in
708 3675 806 3758 valle,
832 3673 923 3744 fossa
947 3669 1161 3741 custodiente
1183 3667 1288 3760 juxta

159 3791 252 3862 viam
276 3789 385 3862 latam
408 3814 472 3884 per
486 3791 737 3886 longitudinem
753 3792 798 3862 ad
822 3788 904 3860 Pull
921 3786 1070 3869 Mouric,
1087 3807 1221 3856 sursum
1238 3783 1289 3854 di·

159 3908 300 3979 vidente
313 3904 394 3977 Pull
412 3905 552 3979 Mouric
568 3909 622 3980 dir
636 3917 722 4003 pant
737 3931 837 3979 maur
852 3913 937 3976 nant
953 3899 1136 3997 catguistil,
1154 3923 1192 3971 ar
1206 3901 1219 3970 i
1235 3899 1289 3970 hit

157 4023 267 4094 iuinid
292 4023 363 4093 diol
388 4023 482 4094 huch
506 4025 560 4096 dir
582 4033 680 4097 taran
708 4023 782 4120 pull
807 4023 861 4093 dir
883 4030 964 4092 tanc
988 4019 1033 4091 ad
1057 4017 1234 4088 cumulum
1258 4017 1288 4086 ir

156 4141 271 4226 iuenn‚
298 4141 368 4211 trui
394 4141 426 4209 ir
450 4142 520 4212 coit
537 4143 723 4238 dirguairet
740 4143 793 4214 dir
812 4138 914 4212 claud
934 4161 973 4208 ar
988 4138 1000 4206 i
1016 4135 1070 4206 hit
1089 4135 1149 4206 bet
1165 4135 1177 4203 i
1195 4133 1286 4227 Guy,

157 4260 267 4330 canui
284 4257 457 4330 choretou
473 4259 657 4354 dirguairet
674 4262 739 4332 bet
751 4265 835 4352 pant
851 4254 973 4337 euhoe,
998 4253 1059 4328 ubi
1075 4252 1214 4344 incepit,
