3318 5804
381 831 455 902 240
756 850 864 901 arnan
887 849 1146 901 naunsvnusrs.

381 1019 441 1088 des
452 1017 625 1111 Episcopi,
639 1023 676 1087 et
688 1015 752 1086 sibi
766 1011 935 1086 liberetis¹
948 1016 993 1085 ad
1006 1015 1246 1086 sustinendum
1252 1017 1426 1109 judicium
1438 1042 1516 1090 cum
1531 1119 1535 1128 ⁸

378 1131 489 1204 venii.
541 1131 590 1202 Et
607 1133 733 1225 juncta
755 1133 804 1202 eis
823 1131 1037 1223 poenitentia,
1056 1139 1093 1202 et
1109 1131 1203 1202 facta
1218 1135 1420 1206 remissione
1435 1158 1515 1206 cum

381 1251 462 1321 data
477 1250 593 1332 venia3
620 1247 751 1343 Eiguin
775 1247 854 1318 Rex
877 1271 947 1317 non
963 1246 1065 1317 aliter
1080 1246 1223 1318 credens
1239 1271 1276 1318 se
1292 1259 1481 1346 purgatum
1496 1269 1516 1323 a

380 1366 524 1437 crimine
540 1365 605 1436 nisi
616 1365 760 1457 jejunio,
778 1370 816 1434 et
832 1364 995 1446 oratione,
1013 1371 1050 1433 et
1067 1362 1283 1446 eleemosina,
1301 1363 1447 1459 largitus
1464 1377 1518 1438 est

381 1482 470 1564 Deo,
494 1489 532 1552 et
550 1479 687 1552 Sanctis
705 1479 884 1562 Dubricio,
900 1478 1054 1563 Teliauo‚
1077 1487 1114 1549 et
1137 1477 1311 1563 Oudoeeo,
1335 1489 1372 1551 et
1394 1480 1518 1553 Bledri

381 1597 563 1692 Episcopo,
589 1605 627 1669 et
650 1619 712 1691 pro
737 1595 904 1666 effirsione
930 1596 1104 1690 sanguinis
1129 1598 1191 1677 sui,
1209 1595 1327 1668 villam
1343 1595 1518 1668 Junuhic²

381 1738 462 1787 cum
485 1713 594 1784 tribus
616 1713 742 1783 modiis
764 1720 874 1795 terrae,
898 1719 935 1783 et
957 1734 1038 1782 cum
1060 1719 1136 1783 tcto
1155 1712 1325 1796 libertate,
1349 1714 1421 1784 sine
1440 1714 1519 1784 ullo

381 1855 486 1902 ceusu
508 1829 571 1900 ulli
592 1829 726 1900 homini
746 1826 902 1900 terreno³
917 1829 983 1898 nisi
1000 1827 1154 1900 ecclesiae
1171 1826 1365 1912 Laudaviae,
1382 1836 1419 1900 et
1439 1853 1520 1924 pas·

380 1947 513 2018 toribus
535 1947 609 2038 ejus
629 1947 666 2016 in
688 1953 867 2040 perpetuo,
891 1953 928 2016 et
950 1967 1032 2015 cum
1055 1945 1150 2016 omni
1171 1947 1413 2016 communione
1434 1947 1518 2018 dete

380 2063 512 2146 incolis,
529 2063 567 2132 in
583 2083 707 2154 campo
724 2061 813 2132 etin
834 2060 937 2144 silvis,
963 2061 1000 2130 in
1024 2085 1115 2153 equs,
1139 2068 1176 2132 et
1200 2061 1236 2131 in
1261 2063 1405 2154 passius.
1456 2061 1517 2132 Fi-

331 2207 337 2216 ·
378 2181 432 2252 nis
444 2179 537 2250 illius
550 2188 613 2262 est,
627 2176 661 2250 Ο
674 2178 737 2271 pill
750 2178 890 2273 cinguid
906 2178 968 2249 bet
980 2185 1067 2249 nant
1078 2176 1230 2248 louhelic
1241 2179 1279 2247 in
1294 2177 1348 2248 hit
1364 2179 1425 2250 bet
1440 2179 1514 2273 pili.

378 2296 436 2368 De
448 2296 602 2380 clericis,
619 2303 728 2366 testes
744 2301 825 2366 sunt
841 2293 962 2365 Bledri
975 2293 1177 2387 Episcopus,
1191 2293 1358 2378 Gurcant,
1373 2294 1516 2367 Cimell·

377 2411 638 2496 iauc,⁴Jouaun;
655 2412 700 2482 de
711 2411 814 2494 laicis,
821 2409 954 2506 Etguin
964 2410 1054 2493 Rex,
1066 2406 1515 2504 Ellgualt,⁵Gurhi,Etern.⁶

380 2529 590 2621 Quicunque
603 2529 815 2609 custodierit,
828 2527 1002 2598 custodiat
1013 2525 1114 2597 illum
1128 2525 1239 2610 Deus3
1266 2528 1325 2620 qui
1338 2536 1458 2599 cutem
1470 2529 1516 2600 cb

380 2645 527 2718 ecclesis
544 2645 730 2716 Laudaviae
745 2644 964 2737 separaverit,
983 2643 1168 2715 anathema
1183 2642 1238 2713 sit.
1289 2641 1395 2726 Finis,
1413 2643 1515 2715 Nani

378 2764 392 2831 i
413 2786 477 2856 gor
499 2785 544 2833 ex
566 2785 637 2832 uua
656 2770 765 2856 parte,
787 2784 832 2832 ex
854 2760 923 2832 alia
944 2768 1053 2853 parte,
1076 2766 1162 2830 nant
1179 2760 1192 2828 i
1207 2758 1410 2852 guolchitua
1424 2761 1487 2833 bet
1501 2763 1515 2830 i

377 2879 442 2971 pill
458 2879 643 2949 dirrcnnen
659 2901 777 2949 versus
793 2879 973 2960 orientem,
996 2900 1035 2946 or
1055 2898 1170 2947 onnen
1191 2875 1310 2945 iniaun
1326 2875 1516 2971 dirguairet

377 2995 432 3064 dir
453 3002 539 3065 nant
560 2995 572 3063 i
595 2993 807 3088 guolchetua
825 2995 978 3065 maliduc
993 2994 1055 3065 bet
1071 2993 1134 3087 pili
1151 3016 1190 3064 or
1206 3015 1345 3063 onnenn
1361 2995 1398 3063 in
1413 3005 1514 3088 parte

377 3109 446 3182 alia
455 3109 585 3181 diblcin
594 3112 607 3180 i
616 3133 727 3205 guuer
736 3110 889 3183 muliduc
900 3106 1087 3205 diguuirei⁷
1097 3110 1159 3180 bet
1168 3117 1254 3180 nunt
1266 3109 1278 3178 i
1290 3110 1383 3206 gobb
1392 3119 1430 3181 et
1439 3111 1512 3205 pill.

541 3367 622 3441 Pan
638 3389 741 3440 cmm
758 3390 886 3442 curun
903 3391 1002 3442 uucc
1018 3391 1139 3443 Juxrr
1154 3393 1352 3447 macunen.

428 3572 530 3643 Rotri
543 3579 580 3645 et
589 3569 726 3656 Grifird,
738 3570 854 3666 Reges
866 3572 1009 3656 sinenti,
1024 3573 1086 3644 filii
1102 3572 1230 3658 Eliseci
1242 3576 1512 3652 immolaverunt

378 3688 467 3772 Dec,
490 3698 527 3760 et
550 3687 687 3760 Sanctis
708 3687 885 3772 Dubricio,
907 3688 1059 3773 Teliauo‚
1082 3697 1120 3760 ei
1139 3688 1315 3776 Oudoeeo,
1338 3704 1376 3765 et
1392 3694 1512 3768 Bledri

378 3803 561 3898 Episcopo,
578 3814 616 3877 et
632 3806 792 3878 omnibus
806 3805 1028 3898 pontificibus
1042 3805 1237 3892 Laudavioe,
1253 3832 1316 3903 pro
1333 3812 1511 3884 animabus

376 3930 561 4011 parentum
574 3944 714 3993 suorum
725 3931 855 3994 terram
867 3920 967 3994 Penn
980 3922 1060 3993 eelli
1076 3923 1248 4016 guenhuc,
1265 3949 1346 3996 cum
1364 3951 1426 4000 um
1438 3937 1510 4000 tcta

377 4035 553 4118 libertate3
579 4045 616 4108 et
629 4039 711 4108 date
723 4040 965 4110 communione
978 4039 1109 4122 incolis,
1123 4041 1159 4110 in
1172 4065 1295 4135 campo
1308 4053 1346 4114 et
1358 4045 1395 4115 in
1407 4045 1507 4128 silvis

377 4150 414 4221 in
427 4173 509 4245 agro
522 4158 559 4220 et
575 4153 612 4221 in
627 4155 772 4247 pascuis,
790 4163 828 4226 et
843 4157 917 4226 sine
929 4155 1002 4226 ullo
1015 4179 1121 4228 censu
1136 4157 1200 4228 ulli
1216 4158 1349 4229 homini
1365 4169 1509 4244 terreno,

377 4268 443 4338 nisi
472 4266 626 4338 ecclesia
656 4267 849 4354 Laudaviae,
880 4281 918 4342 et
946 4272 1140 4366 pastoribus
1169 4274 1243 4366 ejus
1267 4277 1305 4345 in
1333 4284 1509 4370 perpetuo.

378 4383 474 4456 Finis
497 4383 591 4456 illius
615 4392 679 4469 est,
710 4383 778 4457 0r⁸
802 4386 892 4458 duur
916 4389 979 4482 pill
1004 4398 1041 4460 et
1065 4389 1245 4462 dimidiam
1269 4401 1404 4487 partem
1430 4393 1514 4466 linei

412 4717 476 4774 ¹Sic
493 4717 527 4775 B.
546 4721 680 4775 libertatis.
706 4718 786 4776 MSS.
821 4721 971 4778 ²Lcnuhr’c.
994 4722 1030 4777 0.
1065 4723 1197 4779 ³Tmcuc
1214 4725 1297 4780 deest.
1315 4726 1349 4782 0.
1384 4729 1515 4784 ⁴02·de-

375 4810 444 4863 iaco.
465 4806 498 4862 Ο.
533 4805 686 4875 *cupam
706 4806 740 4862 Ο.
775 4809 887 4864 ⁶Etcru.
908 4809 943 4865 Ο.
981 4809 1163 4879 ⁶Dr'rpuar'ret.
1183 4812 1215 4867 0.
1251 4813 1403 4870 ⁷0rdeest.
1422 4815 1459 4872 0.
