3316 5796
380 820 452 892 130
565 873 568 882 .
751 837 858 889 uranu
882 834 1140 886 nsunsvsrvsm

379 1005 538 1101 pefectis3
564 1012 723 1097 atquem
746 1005 841 1097 prius
862 1003 1096 1094 sequebantur
1117 1002 1307 1088 inimicum,
1328 1029 1421 1076 nuno
1440 1017 1518 1078 stu·

379 1123 518 1218 pefacti,
535 1121 681 1216 genibus
697 1121 797 1192 flexis
813 1120 858 1191 ad
875 1118 1077 1202 Dominum,
1101 1131 1327 1213 respexerunt
1348 1123 1451 1194 ilium
1472 1133 1517 1194 ut

379 1240 577 1334 proximum
594 1246 632 1308 et
647 1238 809 1308 amioum.

430 1356 499 1430 VI.
526 1354 677 1426 Pallium
694 1354 835 1446 quidem
851 1349 962 1422 beati1
975 1350 1134 1423 Oudooe'i
1147 1353 1210 1423 viri
1226 1354 1387 1448 perfectae
1400 1357 1519 1427 atatis

381 1482 418 1545 et
433 1473 620 1542 moderata
636 1469 858 1551 maturitatis,
876 1468 1055 1538 servientis
1069 1467 1147 1539 Deo
1160 1493 1265 1563 prope
1277 1470 1406 1542 flumen
1420 1472 1517 1566 Guy,

381 1612 484 1682 supra
506 1587 655 1658 rivulum
678 1585 826 1657 Caletan
848 1593 983 1655 remoto
1007 1608 1028 1654 a
1051 1608 1087 1656 se
1109 1586 1250 1656 interim
1272 1587 1386 1680 pullio,
1410 1611 1521 1681 supra

382 1701 491 1798 quod²
513 1703 672 1784 cubabat,
698 1725 819 1772 cervus
844 1701 1017 1795 refugium
1042 1702 1107 1772 sibi
1130 1710 1167 1773 et
1189 1704 1289 1773 firina
1311 1701 1424 1788 salus,³
1445 1728 1521 1776 res-

380 1822 480 1916 pexit
493 1822 641 1891 bestiam
656 1819 789 1902 mitem,
804 1841 908 1910 quam
921 1820 1120 1888 domaverat
1134 1820 1250 1890 divina
1262 1821 1380 1904 virtus,
1398 1830 1435 1891 et
1446 1820 1520 1891 Re-

380 1963 462 2032 gem
484 1936 656 2018 Enniaun,
680 1943 717 2005 et
738 1943 928 2018 venatores,
950 1956 1030 2004 oum
1052 1944 1193 2028 stupore
1215 1938 1333 2019 nimio,
1356 1946 1393 2007 et
1415 1937 1519 2008 flexis

381 2055 537 2150 genibus
555 2061 591 2124 et
608 2053 653 2123 ad
673 2052 800 2122 ooelum
819 2075 953 2122 sursum
977 2051 1099 2122 levatis
1119 2053 1288 2136 manibus,
1306 2054 1439 2123 veniam
1460 2077 1518 2122 re-

383 2170 558 2262 quirentes
577 2193 657 2239 oum
679 2191 806 2262 magna
822 2169 1015 2251 devotione,
1033 2191 1074 2238 ao
1091 2169 1199 2238 veluti
1224 2171 1395 2262 quoddam
1416 2191 1518 2261 pere-

382 2285 529 2382 gissent⁴
554 2287 695 2369 facinus,
719 2286 811 2379 apud
835 2284 1027 2356 Dominum
1048 2294 1084 2356 et
1107 2285 1276 2358 Sanctum
1298 2287 1515 2360 Oudooeum.

382 2403 559 2496 Imprimis
575 2403 640 2473 sibi
657 2403 819 2472 clamavit
833 2402 912 2472 Rex
926 2425 1066 2473 nervum
1080 2405 1248 2494 quietum,
1262 2414 1299 2475 et
1316 2405 1517 2498 pacificum

382 2529 504 2615 postea
520 2529 635 2590 totum
652 2520 874 2601 territorium,
893 2520 984 2611 quod
1003 2542 1066 2611 per
1082 2521 1174 2589 diem
1193 2521 1368 2615 integrum
1385 2523 1520 2591 eirone-

382 2647 446 2720 rat,
464 2660 611 2729 sequens
627 2637 822 2729 vestigium,
840 2635 984 2729 largitus
1001 2644 1054 2706 est
1072 2635 1159 2718 Deo,
1178 2645 1214 2707 et
1232 2637 1370 2707 Sanctis
1388 2637 1522 2707 Dubri-

384 2755 448 2836 oio,
467 2754 619 2836 Teliauo,
642 2762 679 2824 et
705 2750 872 2823 Oudooeo
897 2751 1079 2846 Episcopo,
1104 2763 1141 2823 et
1164 2751 1330 2824 omnibus
1347 2754 1520 2847 episcopis

385 2869 570 2940 Landaviae
579 2871 615 2938 in
625 2877 807 2962 perpetu03
818 2869 983 2961 praedicto
993 2871 1138 2964 vestigio
1152 2870 1337 2953 dividente,
1349 2893 1522 2964 permon-

384 2994 439 3056 tes
456 2995 493 3055 et
509 2985 646 3067 rivulos,
672 2993 709 3055 et
726 3009 826 3077 rupes
844 2985 1041 3058 territoriis⁵
1059 2987 1212 3058 ecclesia
1229 2988 1265 3056 in
1282 2997 1459 3057 aeternum.

434 3099 523 3174 VII.
550 3100 681 3170 Beatus
703 3100 761 3170 ille
778 3109 917 3171 sanctus
939 3111 1018 3194 post
1035 3104 1153 3174 datam
1170 3105 1235 3174 sibi
1256 3104 1418 3175 tellurem
1436 3127 1522 3174 cum

384 3213 511 3284 finibus
534 3211 626 3296 suis,6
643 3221 679 3284 et
702 3222 840 3305 sumpto
858 3215 923 3285 sibi
944 3216 1084 3286 nomine
1102 3216 1202 3288 Lann
1220 3217 1390 3300 Enniaun,
1409 3218 1522 3288 crevit

384 3331 422 3404 in
439 3331 634 3413 virtutibus,
653 3338 690 3399 et
706 3330 755 3400 ibi
773 3329 932 3401 fundavit
948 3330 1074 3415 locum,
1093 3333 1245 3404 simulet
1262 3335 1439 3404 oraculum
1456 3357 1522 3427 op-

385 3455 583 3543 portunum,
597 3446 713 3517 locum
730 3448 902 3540 piscosum
916 3457 952 3518 et
965 3449 1181 3533 mellifluum,
1196 3458 1233 3519 et
1250 3450 1455 3533 solitarium
1482 3459 1523 3521 et

385 3561 562 3637 laborans⁷
580 3564 684 3634 simul
705 3588 785 3634 oum
806 3564 939 3634 familiis
959 3589 1029 3649 sua,
1051 3566 1171 3637 relicto
1189 3591 1210 3636 a
1226 3589 1263 3637 se
1278 3567 1427 3638 bonore⁸
1443 3591 1524 3660 pas-

385 3683 504 3752 toralis
527 3705 616 3752 ourae
640 3681 834 3764 Laudaviae,
858 3705 927 3751 non
951 3684 1031 3773 quia
1055 3681 1141 3753 non⁹
1164 3683 1356 3754 sufficiebat
1380 3684 1521 3777 populo,

387 3797 447 3865 sed
471 3799 643 3888 quianon
666 3800 845 3892 satagebat
868 3798 932 3868 sibi
955 3800 1021 3892 ipsi
1043 3799 1186 3892 populo;
1211 3798 1312 3870 ἰῐῐιο10
1327 3801 1521 3894 postposita

385 3912 549 4004 pastorali
566 3937 657 3996 cura,
676 3913 826 3985 solitarie
843 3917 958 3985 vivere
976 3917 1192 3987 desiderabat
1210 3915 1298 3986 Deo.
1350 3917 1398 3987 Et
1414 3918 1520 3986 advo-

387 4027 473 4096 oatis
489 4026 533 4096 ad
551 4051 587 4097 se
604 4029 775 4114 fratribus,
794 4032 894 4100 duxit
908 4032 1015 4102 vitam
1032 4055 1253 4104 communem
1270 4031 1395 4104 annis11
1410 4031 1521 4124 pluri-

386 4143 461 4224 bus,
479 4143 588 4212 vitam
611 4142 801 4227 sanctam,¹²
823 4148 932 4217 vitam
952 4148 1090 4232 claram,
1111 4151 1217 4221 vitam
1238 4149 1282 4220 de
1299 4149 1353 4219 die
1371 4149 1406 4218 in
1424 4149 1520 4220 diem

387 4259 618 4342 melioratam3
644 4269 680 4330 et
698 4271 868 4352 quotquot
885 4265 929 4332 ad
946 4287 983 4334 se
1000 4266 1185 4336 veniebant
1199 4267 1244 4337 ob
1260 4264 1449 4347 considium,
1463 4273 1521 4336 tot

423 4510 538 4568 ¹Snncb'.
559 4512 595 4568 Ο.
629 4511 694 4567 ²sie
712 4511 745 4567 Ο.
767 4531 850 4583 quern.
875 4515 913 4572 H.
947 4519 1104 4576 ³801an
1139 4521 1326 4591 *Pedum
1346 4519 1383 4576 Ο.
1418 4519 1523 4576 ⁶Forta

388 4598 440 4669 leg.
459 4603 587 4655 teritorio
603 4601 643 4656 ael
658 4601 793 4656 territorii.
818 4603 851 4658 B.
887 4604 982 4674 ⁶Ejua
1001 4608 1036 4662 Ο.
1071 4609 1233 4662 ⁷Laborotie.
1258 4609 1295 4664 0.
1329 4607 1454 4662 ⁸Forsan
1471 4607 1524 4679 leg.

387 4688 487 4754 boam,
508 4687 535 4740 id
554 4692 594 4742 est
613 4687 724 4758 antique
745 4705 828 4744 me.
856 4690 888 4747 B.
933 4692 1016 4748 ⁹Non
1036 4694 1118 4750 deest.
1139 4694 1173 4749 0.
1219 4692 1239 4732 ¹⁰
1250 4694 1294 4750 Sic
1315 4694 1352 4749 Ο.
1374 4698 1460 4748 imaro.
1486 4694 1525 4748 H.

389 4772 528 4828 ¹¹Amioia.
547 4773 583 4846 Q.
620 4772 798 4831 ”Secundum
818 4775 854 4832 0.
