3316 5796
396 803 443 873 98
774 817 881 868 mana
906 817 1163 870 cannavaums.

396 1010 457 1057 um
477 985 522 1058 ad
542 993 687 1067 sanctos,
709 984 768 1076 qui
789 985 965 1054 nuntiaret
981 986 1136 1055 eundum
1154 987 1205 1058 eis
1222 1011 1298 1060 esse
1314 992 1359 1062 ad
1376 1003 1530 1065 sanctam

395 1105 573 1174 civitatem
585 1100 790 1184 Jerusalem,
804 1107 841 1170 et
857 1100 906 1170 ibi
919 1123 989 1170 suae
1000 1101 1136 1172 militia
1149 1103 1312 1176 donativa
1328 1111 1531 1202 reciperent.

397 1219 519 1290 Sancti
531 1241 622 1300 vero,
635 1217 773 1288 Teliaus
790 1216 953 1286 videlicet
970 1225 1007 1287 et
1024 1216 1150 1302 David,
1167 1218 1247 1292 Deo
1264 1245 1325 1293 suo
1336 1247 1402 1316 per
1418 1229 1535 1298 omnia

395 1336 606 1416 obedientes
623 1356 694 1404 non
710 1341 791 1404 sunt
807 1333 881 1404 ausi
897 1333 1056 1404 resistere
1069 1335 1187 1406 divino
1203 1339 1311 1420 nutui,
1329 1341 1391 1410 sed
1409 1339 1534 1413 Pater·

395 1475 479 1522 num
493 1453 620 1547 (virum
633 1449 711 1521 Deo
724 1447 881 1538 charum)
900 1449 964 1519 sibi
982 1453 1199 1536 associantes,
1217 1462 1286 1524 tres
1302 1454 1338 1523 in
1350 1455 1534 1530 Trinitatis

394 1570 535 1640 nomine
555 1568 749 1660 injunctum
770 1566 836 1636 sibi
856 1566 924 1636 iter
944 1565 1159 1659 inceperunt,
1181 1571 1330 1640 sednon
1351 1576 1405 1666 (ut
1425 1573 1532 1643 multi

392 1685 651 1780 peregrinorum
667 1680 813 1771 faciunt)
830 1680 944 1752 multa
958 1683 1110 1754 adunata
1125 1686 1281 1778 pecunia,
1299 1687 1368 1757 imo
1381 1690 1454 1759 sine
1468 1690 1531 1760 ba-

394 1802 483 1885 culo,
501 1809 538 1872 et
554 1823 646 1893 pera,
664 1805 840 1891 sperantes
855 1798 972 1891 potius
987 1798 1025 1867 in
1041 1798 1159 1884 Illum,
1177 1803 1238 1894 qui
1257 1803 1345 1873 “dat
1359 1804 1531 1895 jmnentis

395 1929 540 1990 “escam
564 1919 727 2009 ipsorum,
753 1923 791 1988 et
809 1913 914 2008 pullis
935 1937 1116 1986 corvorum
1141 1917 1381 1990 invocantibus
1400 1920 1531 1990 eum.'’1

394 2035 433 2105 N
435 2060 476 2107 ec
491 2035 618 2105 frustra
633 2039 823 2126 sperantem
849 2029 947 2102 Deus
964 2032 1067 2115 enim,
1084 2056 1147 2126 per
1163 2034 1284 2105 fideles
1300 2057 1387 2119 suos,
1403 2045 1532 2107 cuncta

393 2153 443 2224 eis
459 2150 650 2222 necessaria
665 2148 883 2218 ministrabat
899 2147 936 2216 iu
956 2155 1122 2240 tempore.
1173 2148 1345 2222 Illustrati
1361 2152 1531 2243 siquidem

394 2275 493 2340 erant
512 2267 590 2336 luce
606 2265 755 2336 ooelestis
771 2263 905 2358 gratiae;
931 2263 982 2334 ita
1001 2272 1042 2335 ut
1062 2288 1183 2335 eorum
1205 2267 1376 2338 adventus
1396 2269 1530 2340 cunctis

394 2393 486 2456 esset
506 2377 751 2475 acceptabilis,2
772 2379 956 2472 prasentia
978 2380 1164 2451 sanitatem
1184 2384 1355 2474 praeberet
1375 2383 1530 2456 infirmis.

394 2501 626 2594 Reliquerunt
647 2499 765 2589 itaque
786 2519 849 2589 per
865 2496 1015 2567 diversas
1035 2498 1228 2589 provincias
1245 2521 1315 2570 suae
1335 2501 1530 2572 sanctitatis

393 2618 547 2712 vestigia,
569 2621 772 2687 cunctorum
795 2613 861 2683 sibi
877 2611 1135 2683 observantium
1155 2613 1367 2686 alleviando³
1383 2616 1529 2700 dolores

392 2738 421 2808 si
438 2737 475 2806 in
491 2733 621 2805 Christi
637 2730 777 2801 nomine
794 2727 1004 2800 infirmitatis
1021 2751 1091 2800 suae
1106 2739 1269 2824 rogarent
1289 2732 1472 2815 medelam,
1491 2741 1530 2804 et

393 2854 431 2922 in
447 2851 603 2943 ejusdcm
620 2849 749 2917 virtute
766 2852 943 2937 sperarent
958 2868 1161 2938 recuperare
1176 2857 1317 2939 possent
1333 2849 1529 2920 sanitatem.

392 2966 552 3058 Cumque
567 2971 804 3057 persecutores
820 2961 857 3030 in
869 2961 926 3032 via
942 2962 1158 3046 obsisterent,
1175 2987 1246 3033 nou
1262 2971 1401 3034 tantum
1418 2965 1529 3057 spolia

389 3082 458 3153 illis
474 3077 617 3174 pacifice
633 3078 878 3160 concedebant,
893 3079 954 3147 sed
967 3078 1079 3170 siquid
1091 3080 1213 3172 praedas
1225 3080 1291 3173 ipsi
1303 3081 1528 3152 immemores

390 3198 635 3289 relinquerent,
661 3195 908 3287 praedatoribus
931 3193 1032 3264 hilari
1058 3196 1159 3266 vultu
1187 3197 1417 3290 porrigebant.
1468 3196 1529 3268 Illi

389 3322 509 3386 autem
533 3313 691 3382 videntes
716 3320 913 3382 sauctorum
938 3311 1067 3382 bonam
1092 3311 1362 3405 simplicitatem,
1390 3313 1529 3384 veniam

390 3431 614 3524 supplicando
635 3429 904 3511 commissorum,
928 3450 999 3497 non
1019 3435 1159 3498 tantum
1180 3429 1372 3500 reddebant
1389 3430 1438 3500 eis
1455 3453 1527 3514 sua,

391 3552 453 3622 sed
470 3572 528 3621 eos
545 3548 793 3629 conducebant,
811 3545 1018 3636 usquedum
1034 3545 1255 3636 pervenirent
1271 3546 1316 3615 ad
1331 3553 1419 3615 tuta
1471 3545 1532 3616 Sic

391 3667 434 3736 de
451 3665 578 3759 ignotis
590 3664 721 3735 fiebant
737 3663 822 3745 noti,
836 3669 873 3732 et
889 3657 950 3731 de‘
966 3661 1242 3753 persecutoribus
1259 3661 1384 3731 summi
1402 3661 1530 3732 efficie-

392 3782 520 3852 bantur
531 3781 643 3850 amioi.
671 3779 920 3850 Consummato
933 3777 1076 3848 tandem
1088 3777 1179 3847 tanti
1192 3777 1324 3848 itineris
1336 3800 1447 3862 cursu,
1462 3776 1530 3847 Hi·

391 3893 887 3988 erosolymam⁵pervener1mt
922 3894 1058 3978 Quibus
1071 3895 1249 3965 civitatem
1262 3895 1526 3976 introeuntibus,

392 4012 541 4083 occurrit
554 4012 604 4082 eis
617 4012 729 4081 omnis
741 4012 897 4105 populns,
911 4010 1089 4103 psallendo
1105 4009 1142 4079 in
1154 4011 1308 4094 canticis,
1322 4020 1359 4082 et
1374 4009 1529 4102 hymnis⁶

391 4150 494 4221 super
515 4128 667 4198 adventu
687 4150 822 4211 eorum;
847 4129 955 4198 etita
976 4150 1057 4197 cum
1074 4127 1201 4198 celebri
1222 4150 1349 4221 pompa
1363 4126 1529 4197 conducti

391 4254 473 4315 sunt
488 4245 525 4314 in
536 4243 709 4336 templum
722 4243 875 4314 Domini.
919 4243 999 4328 Qui,
1014 4245 1170 4337 quamvis
1183 4252 1282 4315 tanto
1295 4244 1416 4314 itinere
1430 4242 1528 4313 defa-

390 4361 492 4456 tigati
505 4360 739 4442 fuissent,n0n
751 4360 871 4431 mollia
882 4369 991 4431 strata
1003 4360 1218 4453 quaesierunt,
1230 4361 1290 4430 ubi
1301 4360 1529 4452 quiescerent,

429 4683 519 4738 ¹Psal.
532 4685 625 4740 cxlvii.
637 4687 662 4738 9.
697 4684 761 4739 2Sie
774 4686 806 4740 Ο.
819 4691 954 4754 acceptius.
974 4685 1012 4739 H.
1047 4685 1214 4738 Mllerundo.
1234 4684 1266 4738 0.
1302 4685 1362 4738 ⁴De
1373 4685 1528 4757 suppletur.

393 4771 425 4826 B.
461 4771 525 4826 ⁶Sic
537 4770 570 4826 Ο.
586 4773 767 4828 Icrosolimam.
786 4772 823 4828 H.
859 4773 923 4832 ⁶Sic
936 4773 969 4828 0.
988 4775 1089 4826 Ymnir.
1108 4770 1145 4825 H.
