3348 5804
344 798 394 878 38
718 817 827 868 mssa
852 817 1111 869 nnnnnvnnsrs.

345 985 580 1057 venerabilem
606 985 749 1056 fratrem
774 994 931 1056 nostrum
957 983 1140 1055 Urbanum
1171 984 1383 1080 Episcopum
1410 1011 1485 1060 ves-

344 1111 441 1171 trum
455 1099 575 1172 debita
588 1101 757 1173 charitate
769 1103 972 1194 recepimus.
1003 1099 1124 1192 Ipsum
1137 1103 1264 1195 itaque,
1279 1126 1360 1174 cum
1372 1102 1486 1198 gratini

347 1215 730 1301 nostri,¹ctliterau1m
746 1228 941 1290 nostrarum
958 1219 1208 1310 prosecutione,
1227 1221 1349 1291 advos
1366 1224 1486 1291 remia

346 1341 472 1416 tentes,
499 1335 715 1406 universitati
741 1343 863 1406 vestrae
889 1335 1104 1418 mandamus,
1134 1343 1305 1428 quatenus
1334 1339 1486 1407 eundern

345 1450 491 1521 fratrem
512 1460 669 1522 nostmm
687 1447 783 1522 Uli.8
800 1451 1015 1543 Episcopum
1030 1451 1180 1545 benigne
1196 1453 1380 1545 recipiatis,
1399 1462 1436 1524 et
1452 1453 1485 1524 ei

346 1574 515 1658 tanquam
535 1569 673 1660 proprio
694 1569 833 1661 pastori,
858 1576 895 1638 et
915 1568 1108 1638 animarum
1126 1575 1317 1638 vestrarum
1340 1570 1484 1658 custodi,

347 1684 592 1768 obedientiam,
614 1693 651 1755 et
673 1685 903 1756 reverentiam
928 1683 1108 1754 humiliter
1130 1682 1305 1768 deferatis,
1329 1693 1366 1756 et
1389 1686 1487 1756 velut

348 1799 477 1871 Christi
499 1802 626 1872 vicario
647 1803 806 1894 pareatis.
858 1799 919 1870 Ad
946 1801 1197 1892 recuperandas
1221 1803 1328 1894 igitur
1354 1825 1486 1894 posses-

347 1917 460 1987 siones
473 1925 510 1988 et
522 1918 614 1988 bone
627 1916 862 1988 Landavcnsis
875 1917 1028 1988 ecclesiae
1042 1940 1117 2008 que
1133 1916 1298 1988 distracta
1313 1925 1402 2000 sunt,
1419 1941 1486 1987 un-

347 2033 519 2114 animiter,
542 2035 595 2103 uti
620 2034 703 2105 boni
728 2034 801 2116 filii,
827 2033 1009 2125 praebeatis
1034 2033 1277 2104 consiliumet
1303 2031 1482 2104 auxilium.

348 2145 432 2218 Dat.
451 2146 530 2220 Lat.
549 2151 651 2220 xlvi’.
669 2151 733 2221 cal.
753 2145 868 2220 Μειὶἱ.3

398 2380 595 2453 Honoratus
621 2382 822 2478 Episcopus,
849 2406 967 2455 servus
992 2406 1167 2454 servorum
1194 2381 1272 2466 Dei,
1299 2383 1487 2454 venerabili

286 2515 290 2524 ·
347 2499 446 2568 fratri
464 2494 541 2568 W!
557 2499 797 2571 Cantuariensi
814 2499 1097 2593 Archiepiscopo,
1118 2500 1314 2592 apostolica
1331 2501 1421 2571 sedis
1438 2499 1488 2570 le-

347 2624 440 2708 gato,
458 2615 607 2686 salutem
624 2626 661 2688 et
674 2616 899 2710 apostolicam
916 2617 1206 2687 benedictionem.
1258 2617 1315 2686 Ex
1331 2617 1488 2710 injuncta

348 2731 448 2802 nobis
465 2731 502 2802 a⁵
519 2731 672 2804 Domino
689 2734 843 2804 ecclesie
860 2730 929 2802 Dei
946 2756 1029 2804 cura
1044 2741 1081 2803 et
1097 2733 1324 2825 providentia,
1343 2732 1487 2826 singulis

349 2869 448 2918 suam
473 2847 640 2920 debemus
657 2850 832 2941 justitiam
849 2872 1059 2933 conservare,
1085 2857 1126 2918 ut
1143 2850 1384 2931 controversia,
1411 2872 1489 2941 quae

348 2965 442 3034 inter
458 2965 600 3036 fratrem
617 2974 774 3036 nostrum
793 2963 976 3036 Urbanum
994 2964 1257 3036 Landavensem
1275 2965 1489 3058 Episcopum

350 3088 388 3151 ct
409 3081 591 3152 ecclesiam
613 3081 734 3153 Sancti
756 3081 884 3165 Deuui,
911 3091 948 3152 et
965 3079 1241 3165 Heriortensem,
1268 3083 1400 3176 agitata
1423 3089 1487 3164 est,

344 3195 451 3288 juxta
470 3199 613 3269 rationis
633 3207 671 3268 et
685 3199 832 3292 justitia
853 3199 1031 3269 tramitem
1052 3199 1267 3280 terminetur,
1293 3199 1489 3291 proximem

349 3313 563 3384 mediantem
577 3311 891 3410 quadragesimam⁶
903 3317 1092 3386 terminum
1104 3316 1302 3385 indiximus.
1353 3313 1412 3385 Ne
1425 3314 1490 3407 igi-

351 3439 409 3500 tur
431 3432 615 3523 pradictus
636 3433 743 3503 fiater
763 3439 880 3504 noster
900 3429 962 3504 U!
984 3431 1177 3524 Episcopus
1197 3430 1328 3523 aliquid
1348 3431 1385 3500 in
1406 3453 1489 3500 ven-

351 3546 454 3616 iendo
467 3547 511 3618 ad
524 3572 596 3632 nos,
610 3558 671 3620 aut
688 3550 725 3618 in
741 3549 817 3620 eliis
833 3549 935 3620 rebus
947 3549 1217 3630 incommodum,
1231 3547 1287 3618 vel
1301 3547 1490 3617 detrimen-

351 3672 429 3732 tum
442 3665 618 3748 sustineat,
633 3665 859 3738 fraternitatis
872 3676 941 3737 tuae
953 3664 1150 3736 sollicitudo
1163 3663 1353 3756 provideat.
1405 3660 1488 3732 Dat.

353 3776 527 3862 Laterani,
545 3805 625 3852 non.
644 3779 786 3854 Octob.⁸

403 4007 600 4082 Hononrus
622 4013 824 4107 Episcopus,
845 4037 962 4086 servm
979 4036 1155 4086 servorum
1173 4011 1252 4095 Dei,
1270 4012 1397 4083 diiecto
1414 4011 1488 4082 filio

353 4124 519 4209 Henrico,
530 4127 656 4198 illustri
665 4129 862 4224 Anglorum
873 4132 973 4225 Regi,
985 4131 1181 4202 salutemet
1192 4128 1416 4222 apostolicam
1428 4127 1490 4197 bc-

352 4243 595 4315 nedictioncm.
647 4244 701 4317 Ut
718 4247 858 4318 liberius
870 4257 908 4317 et
925 4249 998 4318 sine
1012 4247 1151 4340 querele
1167 4248 1256 4318 servi
1269 4245 1337 4316 Dei
1350 4243 1491 4315 valeant

353 4359 478 4431 divinis
490 4384 612 4431 vacare
625 4362 806 4454 obsequiis,
821 4365 1061 4436 controversiae
1073 4366 1165 4434 inter
1176 4362 1321 4433 fratrem
1333 4369 1491 4432 nostrum

388 4612 515 4670 ¹Vectro.
533 4616 567 4673 Ο.
606 4617 693 4690 ²Leg.
710 4621 854 4673 Urbanam.
873 4617 907 4673 E.
945 4618 1003 4672 ³18
1015 4617 1126 4690 Aprilis,
1139 4620 1216 4672 lma.
1254 4615 1344 4687 *Lep
1361 4617 1494 4670 Wiilclmo.

350 4697 389 4845 ᾗ·
402 4703 493 4842 Οἱᾷἶ.
511 4704 599 4844 ῗήὃῦ
610 4709 737 4761 Proaa‘ma
753 4708 881 4762 minate
897 4707 1103 4776 quadrupedum.
1121 4705 1153 4760 Ο.
1196 4703 1285 4774 ⁷Leg.
1308 4703 1439 4756 Urbanas.
1459 4702 1494 4755 E.
