3316 5796
378 816 425 888 66
751 832 860 884 risun
884 829 1145 884 munerebus.

379 999 554 1095 religionis
566 999 683 1082 fidem,
694 999 769 1070 sine
778 998 895 1091 aliqua
906 1001 1002 1094 pravi
1016 1000 1188 1094 dogmatis
1200 999 1339 1072 macula
1349 1002 1523 1074 sinceram

379 1123 677 1200 conservaverunt,
694 1138 804 1208 usque
822 1116 907 1186 dum
927 1116 1117 1212 Pelagiana
1132 1116 1270 1189 haeresis
1288 1127 1365 1190 orta
1381 1126 1449 1202 est;
1475 1121 1522 1191 ad

377 1257 483 1327 quam
499 1229 771 1316 confirtandsm¹
781 1231 932 1304 Sanctus
948 1232 1154 1317 Germanus,
1173 1233 1375 1328 Episcopus,
1393 1244 1431 1306 et
1449 1234 1523 1306 Lu·

377 1374 453 1445 pus,
475 1349 637 1423 aGalliae
657 1349 873 1422 antistitibus
888 1350 934 1421 ad
954 1348 1142 1421 Brita'nnos
1162 1351 1258 1422 missi
1275 1359 1367 1423 sunt.
1418 1351 1523 1447 Saepe

379 1475 498 1539 tamen
515 1473 606 1551 ante,
614 1466 729 1538 missis
744 1465 869 1562 legatis
885 1489 907 1537 a
923 1465 1101 1537 Britannis
1117 1467 1162 1537 ad
1179 1489 1238 1539 eos
1254 1468 1523 1562 implorantibus

378 1583 549 1654 auxilium
562 1591 683 1655 contin
699 1591 773 1654 tem
786 1582 982 1653 execrabile
998 1581 1203 1675 periculum,
1217 1584 1300 1676 quia
1311 1607 1425 1678 pravae
1438 1586 1524 1657 doc-

378 1701 479 1772 trinoe
500 1700 742 1772 hoereticorum
762 1721 833 1770 non
855 1699 1132 1791 acquiescebant,
1158 1722 1273 1792 neque
1295 1709 1414 1772 temen
1437 1725 1523 1772 con-

377 1815 523 1889 fundere
535 1815 710 1888 valebant.
760 1814 952 1908 Postquam
964 1815 1121 1908 praedicti
1133 1817 1285 1888 seniores
1295 1816 1522 1912 Pelagianam

377 1932 524 2004 heresin
536 1933 804 2026 extirpaverant,
818 1933 997 2026 episcopos
1009 1933 1046 2002 in
1062 1930 1220 2024 pluribus
1231 1931 1316 2003 locis
1328 1931 1521 2004 Britanniae

377 2045 820 2121 insulaeconsecraverunt.²
847 2047 963 2142 Super
972 2070 1093 2119 omnes
1105 2055 1225 2119 autem
1237 2047 1421 2120 Britannos
1431 2049 1520 2120 dex-

376 2165 474 2236 tralis
490 2167 598 2259 partis
614 2164 814 2250 Britannia,
839 2166 985 2237 beatum
1002 2162 1221 2250 Dubricium‚
1244 2187 1419 2235 summum
1435 2165 1520 2236 doc-

377 2289 500 2366 torem,
518 2306 540 2354 a
556 2281 665 2378 Rege,
683 2289 721 2353 et
737 2282 782 2353 ab
799 2283 895 2354 omni
915 2279 1080 2375 parochia
1095 2280 1258 2365 electum,
1276 2280 1521 2376 Archiepisco·

376 2421 462 2493 pum
475 2406 774 2471 consecravenmt.
810 2397 891 2469 Hac
904 2398 1075 2493 dignitate
1087 2399 1121 2468 ei
1133 2421 1155 2469 a
1167 2396 1354 2482 Germano,
1368 2406 1406 2470 et
1419 2397 1523 2493 Lupo

378 2518 469 2601 data
484 2517 740 2589 constituerunt
752 2516 785 2586 ei
798 2513 1031 2609 episcopalem
1044 2513 1173 2598 sedem,
1187 2537 1354 2586 concessu
1366 2513 1522 2586 Mourici

377 2633 495 2730 Regis,
512 2634 719 2727 principum,
737 2631 831 2716 cleri,
848 2639 886 2702 et
902 2629 1033 2725 populi,
1051 2631 1144 2723 apud
1160 2631 1292 2724 podum
1315 2629 1468 2702 Lantaui
1483 2632 1522 2704 in

375 2750 507 2822 honore
520 2748 643 2821 Sancti
656 2747 753 2821 Petri
763 2746 927 2842 Apostoli
941 2747 1132 2831 fundatam,
1146 2756 1184 2818 et
1196 2770 1278 2818 cum
1289 2747 1417 2819 finibus
1430 2750 1521 2834 istis;

376 2890 398 2937 a
414 2865 553 2938 Henriu
568 2888 687 2961 gunna
701 2886 813 2958 usque
828 2865 874 2934 ad
891 2863 963 2935 Riu
980 2861 1113 2948 funon,³
1129 2870 1167 2934 et
1183 2887 1205 2935 a
1222 2862 1393 2959 Gungleis
1409 2889 1522 2959 usque

376 2982 422 3053 ad
438 3003 544 3066 mare,
557 2989 674 3054 totum
685 2979 792 3052 infra‘
804 2980 874 3052 Taf
882 2989 920 3052 et
933 2979 1022 3063 Elei,
1037 3003 1119 3051 cum
1130 2981 1282 3074 piscibus
1295 2990 1332 3052 et
1345 2984 1523 3055 ooretibus

376 3099 447 3170 suis
459 3099 630 3182 omnibus,
643 3105 681 3169 et
698 3097 888 3168 cumomni
904 3119 967 3169 sua
979 3097 1159 3192 dignitato,
1173 3105 1211 3168 et
1227 3095 1354 3169 libere⁵
1366 3098 1412 3169 ab
1424 3101 1522 3170 omni

376 3213 485 3309 regali
497 3223 535 3286 et
547 3213 702 3286 saeculari
718 3215 868 3298 servitio,
882 3214 948 3284 nisi
965 3221 1105 3284 tantum
1122 3215 1278 3286 orations
1295 3214 1522 3307 quotidiana,l

376 3341 415 3404 et
431 3331 665 3403 ecclesiastico
682 3331 832 3414 servitio
852 3353 917 3424 pro
933 3327 1052 3401 animi
1067 3329 1171 3414 illius,
1192 3338 1230 3402 et
1246 3331 1428 3402 animabus
1442 3355 1524 3425 par-

377 3456 501 3521 entum
513 3471 664 3533 suorum,
685 3446 826 3544 Regum
839 3455 877 3518 et
889 3445 1092 3539 Principum
1101 3445 1302 3530 Britannice,
1313 3456 1351 3518 et
1363 3449 1524 3520 omnium

376 3565 534 3637 fidebam
551 3565 810 3648 defunctornm3
836 3571 873 3635 et
890 3585 972 3634 cum
986 3563 1055 3634 isto
1067 3563 1258 3658 privilegio,
1277 3565 1352 3635 sine
1367 3565 1524 3652 consule,

377 3682 452 3753 sinc
467 3681 683 3775 proconsule,
709 3683 784 3753 sine
800 3686 977 3752 conventu
992 3680 1087 3751 intus
1104 3703 1170 3752 nec
1186 3689 1297 3764 extra,
1323 3681 1398 3752 sine
1415 3705 1524 3777 expe-

377 3797 520 3882 ditione,
532 3799 607 3870 sine
619 3797 794 3893 vigilanda
805 3798 947 3893 regione
960 3797 1054 3868 intus
1064 3821 1130 3868 nec
1143 3805 1252 3882 extra,
1266 3806 1304 3869 et
1317 3821 1399 3869 cum
1411 3799 1523 3870 libera

377 3914 741 3985 communionetotius
751 3913 971 4007 episcopatirs
983 3914 1115 3998 incolis,
1126 3915 1298 4009 incampo
1315 3915 1400 3986 etin
1413 3915 1519 3998 silvis,

376 4028 415 4098 in
430 4051 521 4121 aqua
537 4029 628 4100 etin
643 4030 794 4124 pascuis3
830 4037 867 4101 et
884 4053 965 4100 cum
981 4037 1059 4102 tota
1075 4055 1137 4104 sua
1149 4034 1245 4104 curio
1255 4033 1293 4103 in
1306 4055 1342 4104 se
1353 4031 1519 4126 plenaria,

412 4349 585 4406 ¹Godwinue
603 4350 633 4404 in
653 4348 844 4420 disceptatione
864 4349 898 4404 de
917 4351 1006 4422 prima
1025 4351 1197 4408 conversione
1217 4353 1421 4421 Britannorum,
1444 4351 1522 4408 hune

376 4436 469 4492 locum
489 4437 631 4510 exscripsit
648 4452 664 4491 e
683 4435 774 4491 codice
794 4435 961 4509 autographo
982 4456 1069 4510 usquo
1090 4439 1124 4493 ed
1144 4457 1205 4494 com
1222 4439 1328 4510 finibus
1349 4440 1418 4493 osc.
1463 4438 1522 4511 (De

378 4523 543 4578 Prssulibns
555 4521 685 4595 Angliae.)
719 4521 825 4576 ²Hunc
839 4523 938 4578 locum*
947 4542 1034 4596 usque
1044 4526 1079 4580 ad
1090 4529 1213 4596 Macci,
1231 4526 1298 4581 olim
1310 4526 1394 4582 edidit
1405 4542 1421 4581 e
1431 4527 1523 4581 codice

378 4608 505 4664 Ueserius
520 4611 550 4664 in
566 4609 635 4664 libro
652 4625 702 4664 suo
714 4607 838 4681 Anglioo,
856 4609 921 4666 “De
938 4611 1066 4684 religione
1077 4618 1202 4668 vetorum
1220 4613 1407 4668 Hibernorum
1419 4618 1448 4667 et
1460 4612 1521 4667 Bri·

373 4697 549 4753 tannorum.''
586 4696 687 4769 (Iond.
706 4699 784 4750 1631.
801 4699 857 4752 dte.
872 4714 900 4768 p.
912 4697 971 4770 81.)
991 4697 1025 4756 Β.
1060 4700 1196 4756 tatianos.
1215 4701 1249 4756 Ο.
1284 4699 1370 4772 ⁴leg.
1383 4703 1466 4755 intro.
1485 4699 1521 4754 Ε.

375 4783 440 4839 tsic
453 4783 533 4840 MSS.
545 4783 616 4839 forte
627 4800 676 4854 pro
687 4785 773 4839 libem.
792 4782 827 4840 E.
861 4784 1027 4841 ‘Gotidicm
1047 4785 1084 4841 H.
