3318 5804
358 816 429 888 158
725 835 834 886 usna
857 835 1112 886 usnavnusrs.

581 1040 584 1048 '
648 1060 1194 1136 [ARGUISTILEPISCOPUS.]

805 1211 915 1286 Lars
931 1213 1030 1284 corr.

403 1395 523 1466 Sciens
540 1393 629 1466 Idon
648 1391 728 1464 Rex
743 1413 781 1463 se
793 1413 867 1462 esse
880 1391 1110 1484 corruptibilis
1122 1401 1260 1476 naturae,
1273 1402 1311 1465 et
1326 1398 1487 1487 putridae,

354 1521 392 1582 et
412 1534 546 1582 memor
567 1509 758 1580 facinorum
781 1529 930 1590 suorum,
954 1507 1066 1579 factus
1082 1517 1135 1579 est
1151 1519 1284 1580 amator
1303 1513 1488 1584 mandato-

353 1651 430 1699 rum
447 1627 525 1710 Dei,
541 1635 583 1697 ut
599 1633 771 1697 transacta
787 1623 861 1694 vita
875 1626 1045 1716 presenti,
1062 1627 1257 1717 perveniret
1277 1625 1320 1696 ad
1340 1625 1486 1720 gaudia¹

353 1743 510 1838 paradisi.
565 1741 613 1813 Et
641 1743 692 1811 ita
716 1741 863 1832 quadam
889 1741 954 1823 die,
980 1761 1060 1810 cum
1086 1749 1176 1812 esset
1200 1743 1290 1811 inter
1313 1743 1487 1836 principes

353 1882 441 1943 suos,
472 1859 569 1942 dixit,
605 1855 786 1927 “Immolo
812 1854 899 1939 Dec,
927 1864 964 1927 et
989 1853 1119 1927 Sancto
1144 1854 1259 1940 Petro,
1285 1866 1322 1928 et
1346 1857 1486 1930 Sanctis

354 1975 561 2057 “Dubricio,
587 1981 625 2044 et
645 1971 796 2056 Teliauo,
822 1979 859 2043 et
883 1973 1042 2065 praesenti
1060 1969 1241 2067 Arguistlo
1257 1974 1419 2066 pontifici,
1446 1984 1486 2045 et

354 2090 541 2160 “omnibus
565 2089 815 2160 successoribus
838 2089 907 2159 suis
924 2089 960 2158 in
977 2087 1121 2159 ecclesia
1139 2088 1324 2160 Laudarier
1347 2091 1383 2160 in
1405 2111 1485 2182 per-

354 2216 374 2247 “
382 2214 498 2299 petuo,
518 2206 618 2276 Lanu
638 2205 728 2288 Coit,
755 2228 835 2275 cum
859 2205 970 2275 tribus
994 2205 1104 2275 unciis
1128 2205 1210 2299 agri,
1236 2213 1274 2276 et
1293 2207 1485 2276 cumomni

352 2333 443 2393 “sua
463 2321 624 2393 libertate
644 2323 682 2392 in
698 2321 784 2393 silva
800 2329 837 2392 et
852 2323 890 2391 in
911 2321 1018 2414 aquis,
1035 2322 1073 2390 in
1089 2343 1211 2428 canapo
1228 2329 1265 2391 et
1281 2323 1319 2391 in
1339 2321 1482 2414 pascuis,

353 2447 420 2510 “et
441 2462 522 2509 cum
543 2439 719 2532 ancipitre,
744 2439 816 2508 sine
832 2435 905 2507 ullo
922 2461 1027 2508 censu
1047 2461 1173 2532 magno
1190 2436 1246 2509 vel
1266 2438 1403 2509 modico
1420 2435 1484 2509 ulli

353 2555 513 2626 “homini
525 2564 672 2638 terreno,
690 2555 755 2625 nisi
768 2552 921 2625 ecclesiae
935 2552 1129 2638 Laudaviae,
1147 2562 1184 2625 et
1200 2555 1393 2648 pastoribus
1409 2555 1484 2648 ejus

353 2673 419 2743 “in
443 2672 641 2766 perpetuo.”
691 2671 747 2742 De
764 2670 916 2754 Clericis,
943 2680 1050 2742 testes
1074 2680 1164 2755 sunt,
1186 2669 1357 2766 Arguistil
1383 2669 1484 2764 Epis-

351 2811 465 2880 copus,
484 2787 614 2870 Conan,
632 2785 809 2881 Elguaret,
827 2785 990 2880 Adguen,
1008 2787 1183 2858 Conruan:
1210 2788 1253 2858 de
1270 2785 1374 2870 laicis,
1393 2785 1484 2856 Idon

351 2902 440 2985 Rern,
460 2902 601 2985 Gurhai,
615 2900 639 2973 J
641 2925 740 2986 ouan,
753 2899 889 2986 Biuoc,²
900 2903 1024 2987 Binan,
1039 2902 1181 2998 Gurgal,
1195 2900 1360 2975 Guinan.³
1396 2901 1484 2987 Qui-

350 3040 485 3109 cunque
510 3019 719 3102 custodierit,
746 3019 920 3090 custodiat
944 3013 1043 3090 illum
1069 3019 1181 3106 Deus;
1211 3021 1270 3113 qui
1296 3026 1412 3090 autern
1437 3019 1485 3090 ab

350 3131 495 3204 ccclesia
516 3132 701 3204 Laudaviae
718 3135 936 3228 separaverit,
961 3137 1146 3208 anathema
1162 3137 1216 3207 sit.

669 3427 865 3499 (GUTUAN
890 3429 1160 3504 EPISCOPUS.)

410 3601 520 3678 Lanu
538 3603 786 3676 Mmaconnn⁴
802 3625 893 3676 sans
909 3625 1052 3689 cuano,
1070 3625 1111 3676 ru
1127 3603 1420 3678 Bassanitas

397 3800 519 3895 Reges,
537 3803 676 3876 Teudur
691 3805 783 3877 filius
800 3805 900 3889 Rein,
919 3813 956 3876 et
972 3805 1113 3900 Elgistil
1133 3805 1224 3875 filius
1241 3803 1407 3898 Augusti,
1425 3827 1479 3874 re-

345 3939 406 4011 ges
422 3915 679 4004 Brecheiniauc,
698 3923 904 4014 juraverunt
925 3945 1028 4015 super
1047 3922 1156 3994 altare
1174 3919 1294 3992 Sancti
1311 3919 1478 4003 Dubricii,

345 4057 407 4127 per
423 4042 541 4104 sancta
557 4045 762 4122 sanctorum,
780 4038 982 4133 antepositis
999 4038 1102 4111 sacris
1115 4037 1354 4119 voluminibus,
1372 4043 1408 4106 et
1424 4057 1478 4106 re·

343 4149 468 4242 liquiis,
483 4149 576 4241 quod
588 4150 703 4221 nullus
716 4152 816 4225 alteri
830 4157 1034 4240 insidiasset,
1048 4165 1085 4227 et
1097 4155 1189 4248 quod
1206 4155 1338 4225 firmam
1354 4173 1477 4245 pacem

342 4267 435 4337 inter
451 4267 855 4356 setenerentsined0103
881 4281 918 4343 et
930 4282 1100 4366 praesente
1113 4268 1293 4343 Gutuano⁶
1305 4265 1479 4362 Episcopo

341 4405 421 4453 cunr
438 4381 569 4452 clericis
587 4383 664 4464 stris,
691 4392 727 4453 et
743 4385 810 4456 tali
837 4397 941 4480 pacto
957 4390 1097 4483 insuper
1114 4387 1206 4481 quod
1223 4388 1251 4456 si
1271 4407 1359 4454 unus
1376 4381 1479 4455 alteri

341 4498 459 4569 dolum
476 4498 613 4580 faceret,
631 4506 741 4569 totam
759 4523 856 4574 suam
872 4505 1112 4577 haereditatem
1126 4504 1279 4596 quietam
1297 4500 1478 4584 clamaret,

338 4822 350 4862 ⁶
376 4736 383 4774 ¹
396 4737 550 4878 (tetradiam.O
547 4733 580 4790 0.
615 4737 723 4792 ’Bima
737 4735 772 4794 Ο.
807 4741 959 4799 woicam.
971 4740 1007 4797 0.
1029 4743 1180 4812 ⁴Mitcopci.
1192 4741 1228 4795 0.
1246 4742 1426 4796 ⁵Brsctcuim.
1441 4739 1478 4797 0.

358 4825 508 4878 Gurocnno.
552 4863 559 4878 .
