3348 5804
358 821 406 892 22
732 838 840 889 mann
865 839 1124 890 naunavnnsrs.

359 1006 508 1100 populus
525 1029 628 1098 super
644 1006 710 1077 hac
727 1008 859 1078 visione
876 1029 1003 1099 magna
1018 1006 1204 1100 gaudebat,
1222 1015 1259 1079 et
1276 1008 1396 1078 laudes
1410 1006 1499 1092 Deo,

361 1122 561 1216 Sancteque
579 1122 739 1194 Samsoui
761 1147 806 1193 ex
827 1123 960 1194 intimis
981 1123 1137 1214 profusas
1159 1124 1347 1195 visceribus
1366 1125 1501 1217 procla

360 1242 493 1323 mabat3
512 1241 567 1310 cui
579 1240 728 1311 Sanctus
739 1238 887 1310 Samson
900 1240 1065 1332 praecepit
1078 1249 1119 1308 ut
1130 1243 1381 1311 monasterium
1393 1240 1502 1334 prope

361 1365 500 1428 antrum
522 1354 762 1428 constituerit.¹
814 1355 896 1448 Ipse
913 1377 995 1426 vero
1012 1355 1152 1426 interim
1174 1358 1211 1426 in
1232 1367 1341 1441 antro,
1358 1358 1502 1449 jejuniis

361 1485 399 1546 et
416 1474 627 1545 orationibus
644 1473 883 1555 incumbebat3
908 1473 969 1542 ubi
986 1471 1092 1542 fontis
1104 1495 1230 1543 venam
1245 1473 1406 1566 precibus
1422 1496 1502 1566 pro-

361 1591 503 1673 meruit3
529 1613 605 1682 quae
621 1613 730 1681 usque
746 1589 850 1659 hodie
867 1586 974 1659 fluere
992 1611 1061 1658 non
1078 1589 1215 1660 desinit.
1267 1589 1427 1681 Cumque
1438 1595 1503 1681 poss

361 1706 463 1799 pulus
483 1707 732 1776 monasterium
753 1705 962 1798 perfecisset,
990 1713 1027 1774 et
1046 1704 1113 1776 hoc
1135 1705 1258 1775 beatus
1276 1704 1424 1776 Samson
1441 1705 1503 1775 de-

361 1823 518 1904 dicasset,
536 1831 672 1914 patrem
689 1845 790 1892 suum
803 1819 1027 1902 Ammonem,
1045 1830 1083 1892 et
1099 1845 1181 1892 oum
1197 1846 1239 1892 eo
1256 1823 1503 1893 consobrinum

361 1962 463 2008 suum
483 1941 519 2008 in
536 1939 661 2009 eodem
677 1939 868 2009 constituit.
920 1937 1001 2030 Ipse
1017 1939 1055 2009 in
1071 1937 1299 2021 Britanniam,
1322 1961 1401 2008 cum
1418 1938 1501 2020 suis,

363 2054 442 2126 Deo
455 2057 613 2137 ducente,
627 2057 815 2149 navigavit.
850 2054 942 2125 Cum
955 2056 991 2125 in
1005 2064 1147 2148 portum
1158 2057 1378 2149 pervenisset,
1392 2063 1502 2146 atque

363 2173 407 2242 de
420 2175 500 2242 navi
512 2174 754 2254 descendisset,
772 2173 860 2242 vidit
870 2174 977 2264 juxta
988 2180 1128 2264 portum
1141 2174 1329 2266 tugurium,
1342 2178 1379 2241 et
1391 2171 1428 2239 in
1440 2167 1502 2239 eo²

363 2289 538 2380 quendam
550 2285 741 2381 privatum³
753 2287 996 2359 miserabiliter
1008 2288 1218 2380 plorantem3
1239 2310 1443 2381 semperque
1455 2286 1504 2356 ad

363 2427 458 2475 mare
477 2405 717 2497 aspicientem
741 2406 798 2475 oui
816 2404 964 2476 Samson
983 2405 1041 2487 ait,
1061 2403 1217 2486 “Frater,
1241 2405 1325 2496 quid
1345 2401 1504 2496 ploras?'’

364 2520 434 2605 Qui
448 2521 538 2590 dixit
554 2521 596 2604 ei,
616 2520 800 2592 “Uxorem
817 2521 929 2592 habeo
942 2521 1112 2614 leprosam
1128 2522 1165 2590 in
1181 2521 1247 2590 hnc
1263 2521 1450 2600 mansione,
1465 2527 1505 2588 et

365 2637 503 2707 “filiam
521 2639 777 2721 daemoniacam
799 2659 885 2729 quas
905 2638 991 2708 mihi
1013 2636 1186 2708 Dominus
1207 2659 1328 2707 sanare
1343 2635 1505 2728 promisit

365 2763 458 2845 “per
474 2755 648 2848 quendam
667 2754 949 2838 transmarinum
975 2776 1080 2846 quem
1097 2753 1212 2823 triduo
1228 2753 1286 2822 hic
1303 2759 1503 2845 expectans,

365 2879 385 2907 “
396 2891 496 2960 spero
512 2877 699 2939 venturum
715 2871 752 2940 in
773 2868 866 2940 huno
883 2870 1054 2962 portum.''
1105 2867 1237 2941 Beatus
1254 2892 1336 2938 vero
1354 2865 1505 2938 Samson

364 2984 430 3054 hoo
441 2984 592 3067 audiens,
607 2993 803 3077 atqueoum
813 3009 854 3056 eo
866 2986 1008 3056 domum
1019 3009 1118 3057 suam
1127 2986 1303 3067 introiens,
1315 3007 1418 3077 super
1427 2977 1505 3053 eas⁴

365 3100 511 3194 supplex
525 3103 644 3183 oravit,
659 3103 868 3196 sanitatique
880 3105 1043 3174 restituit.
1082 3102 1126 3172 In
1139 3103 1262 3174 eadem
1275 3103 1394 3193 itaque
1405 3121 1506 3168 man-

365 3218 460 3287 sione
482 3219 699 3310 aptissimum
720 3220 848 3312 reperit
870 3220 995 3302 locum,
1023 3222 1060 3290 in
1081 3241 1150 3311 quo
1171 3218 1401 3289 honorificum
1420 3237 1506 3284 oon-

365 3334 493 3404 struxit
510 3335 769 3418 monasterium,
785 3336 879 3428 quod
889 3359 999 3429 usque
1009 3336 1114 3406 hodie
1125 3334 1258 3405 Dolum
1268 3338 1506 3423 nuncupatur;

364 3451 426 3520 ubi
450 3450 600 3543 plurima
626 3453 774 3546 iusignia
798 3453 968 3523 umutmn
991 3451 1158 3524 miracula
1179 3452 1272 3533 lecit,
1299 3441 1422 3540 atque⁵
1441 3469 1509 3539 per

364 3569 557 3660 provincias
577 3568 690 3640 multa
708 3571 918 3640 monasteria
938 3570 1142 3640 construxit.
1194 3567 1264 3638 His
1284 3587 1434 3657 namque
1452 3564 1508 3634 di-

365 3685 450 3755 ebus
468 3683 595 3755 Comes
612 3684 835 3757 Commotus⁶
852 3681 1166 3768 extemua²saev11s
1182 3693 1219 3755 et
1236 3684 1414 3764 infaustus,
1429 3703 1508 3750 om-

366 3800 467 3870 nibus
480 3799 656 3872 Britannis
668 3811 822 3894 praeerat,
834 3805 894 3895 qui
903 3802 929 3872 J
930 3825 1033 3874 onam
1043 3801 1291 3872 Britannorum
1305 3799 1509 3891 indigenam

366 3915 542 3985 Comitem
560 3919 742 4001 occiderat,
760 3919 872 3989 filium
889 3921 964 4011 ejus
980 3919 1004 3989 J
1005 3913 1190 3989 udualum⁸
1202 3919 1276 4011 regi
1293 3915 1509 3986 Hildeberto

366 4038 403 4100 et
421 4032 556 4124 regine,
575 4035 612 4102 in
628 4031 847 4127 captivitate⁹
863 4036 1128 4106 custodiendum
1149 4026 1375 4106 tradiderat.¹⁰
1424 4029 1511 4114 Quo

367 4148 496 4230 audito,
515 4148 665 4220 Sanctus
678 4151 826 4223 Samson
842 4154 988 4224 miseriae
1005 4175 1125 4224 eorum
1142 4151 1331 4231 condoluit,
1345 4154 1382 4217 et
1395 4148 1439 4216 ad
1452 4170 1513 4216 re-

366 4287 448 4359 gem
462 4263 707 4338 Hildebertem
724 4269 929 4340 festinanter
944 4271 1112 4362 perrexit;
1130 4269 1272 4361 cupiens
1284 4266 1309 4336 J
1310 4262 1511 4334 udualum¹¹

402 4535 625 4591 ¹oomtttaerent.
640 4536 673 4592 Ο.
709 4541 1103 4608 'Tipuriumettneodasunt
1116 4539 1150 4594 0.
1184 4541 1349 4593 ⁸Peioitum.
1362 4537 1395 4592 O.
1431 4537 1515 4593 ‘sta

369 4621 403 4676 Ο.
438 4625 502 4676 ⁵Et.
528 4622 560 4677 Ο.
599 4623 666 4678 ⁸1a
689 4625 742 4693 hic,
766 4627 812 4681 sed
836 4633 929 4698 postea
953 4631 1103 4683 commuue
1126 4625 1233 4680 dicitur.
1258 4624 1292 4679 B.
1327 4627 1516 4678 ⁷Eatronetoe.

370 4707 402 4763 Ο.
439 4711 611 4766 ”Indoctum
633 4712 666 4767 O.
702 4712 765 4767 ”Sic
785 4713 817 4769 Ο.
837 4718 1026 4782 Captivitatem.
1049 4714 1087 4768 H.
1124 4714 1143 4744 ¹⁰
1156 4713 1284 4766 Tradidit.
1306 4712 1340 4766 Ο.
1380 4709 1395 4742 ¹¹
1407 4711 1516 4763 lodom-

369 4796 431 4849 luot.
453 4795 485 4850 0.
