3316 5796
540 859 647 910 arnan
671 859 930 910 nanusvmvsrs.
1058 923 1059 927 Ἴ
1235 842 1305 916 107

152 1024 245 1095 liaus
257 1023 456 1118 Episcopus
468 1026 602 1118 rogavit
616 1024 742 1106 Deum,
756 1033 793 1096 et
806 1027 1016 1118 imprecatus
1028 1036 1082 1098 est
1095 1027 1305 1121 suppliciter,

161 1150 204 1210 ut
226 1139 352 1211 milites
369 1140 549 1212 Armorici
569 1141 726 1211 fortiores
743 1142 867 1212 fierent
888 1144 924 1212 in
942 1145 1129 1235 equitando
1146 1146 1307 1216 omnibus

166 1258 334 1349 gentibus,
358 1267 396 1328 et
419 1259 503 1329 inde
522 1258 670 1350 patriam
692 1281 790 1328 suam
811 1268 1000 1342 tuerentur,
1019 1271 1056 1331 et
1073 1260 1254 1333 victoriose
1271 1285 1308 1332 se

165 1372 210 1442 de
224 1373 371 1444 inimicis
390 1375 462 1444 suis
482 1372 739 1444 ulciscerentur.
792 1373 841 1444 Et
861 1374 948 1446 illud
971 1375 1196 1471 Privilegium
1214 1378 1307 1470 quod

163 1485 311 1560 Sanctus
327 1488 469 1562 Teliaus
488 1491 688 1584 impetravit
708 1514 729 1561 a
747 1491 900 1562 Domino
916 1492 982 1562 sibi
999 1492 1175 1578 collatum,
1196 1518 1306 1587 usque

162 1603 263 1676 hodie
275 1615 459 1699 permanet
476 1607 561 1678 inibi
574 1605 782 1678 secunduml
796 1609 997 1680 testimonia
1008 1619 1045 1680 et
1057 1613 1307 1682 commentaria

160 1722 318 1792 omnium
337 1721 431 1794 illius
446 1725 566 1816 patriae
584 1725 768 1794 seniorum.
821 1723 914 1794 Sunt
931 1726 1024 1796 enim
1041 1725 1217 1797 Armorici
1233 1750 1306 1796 am-

161 1836 251 1929 plius
267 1839 443 1910 victoriosi
460 1841 500 1910 in
516 1841 714 1932 equitando,
733 1837 877 1933 septies²
894 1864 998 1933 quam
1016 1852 1056 1913 ut
1072 1850 1189 1913 essent
1210 1843 1307 1934 pedi-

160 1963 223 2025 tes.
275 1955 417 2028 Interea
433 1956 518 2027 dum
534 1957 608 2028 haec
625 1966 819 2052 agerentur,
843 1955 993 2029 Sanctus
1008 1957 1146 2030 Teliaus
1163 1958 1307 2051 Episco-

161 2093 225 2164 pus
242 2075 393 2165 quadam
410 2075 467 2144 die
481 2075 616 2145 vocavit
638 2075 682 2144 ad
700 2097 737 2146 se
754 2075 921 2146 familiam
938 2097 1036 2146 suam
1055 2077 1135 2172 (hoc
1148 2074 1216 2165 est)
1234 2076 1307 2169 ple-

161 2187 241 2258 bem
263 2211 335 2259 suae
355 2191 491 2283 patriae;
517 2199 553 2262 et
573 2191 753 2262 conferens
771 2215 852 2261 cum
869 2194 919 2263 eis
935 2189 1147 2276 affabiliter?
1162 2193 1208 2264 cd
1224 2190 1306 2262 ulti-

162 2326 263 2372 mum
274 2305 393 2376 intulit
406 2307 466 2390 eis,
487 2317 506 2346 ‘⁶
516 2306 631 2390 Scitis,
645 2307 743 2378 filioli
760 2310 841 2408 mei,
855 2310 938 2400 quia
949 2317 1068 2380 noster
1081 2309 1160 2380 Rex
1173 2307 1306 2380 Geren-

165 2430 187 2459 “
197 2421 275 2492 nius
290 2423 325 2491 in
340 2447 467 2518 magno
480 2422 598 2495 dolore
616 2434 832 2518 aggravatur,
850 2433 888 2495 ct
901 2425 1039 2520 (angelo
1052 2425 1139 2494 mihi
1155 2447 1306 2517 pronun-

166 2545 187 2575 “
197 2536 324 2628 ciente)
338 2541 438 2610 credo
451 2539 552 2610 illum
565 2541 752 2624 exiturum,
765 2543 802 2611 in
816 2542 882 2612 hac
895 2542 1107 2623 infirmitate,
1122 2541 1165 2612 de
1178 2539 1304 2610 seculo.

164 2662 185 2692 “
197 2651 292 2724 Nam
310 2677 388 2725 cum
405 2657 587 2728 veniebam
604 2658 649 2728 ad
665 2659 768 2728 istam
791 2660 950 2751 patriam,
974 2658 1143 2727 transiens
1158 2679 1222 2750 per
1237 2665 1306 2726 ter-

162 2779 264 2840 “ram
282 2793 390 2854 suam,
414 2771 514 2842 illum
533 2775 677 2856 visitavi,
695 2783 733 2845 et
753 2798 811 2845 me
827 2797 994 2866 meosque
1010 2773 1217 2866 quibusdam
1234 2773 1307 2842 die-

162 2897 181 2924 “
190 2887 263 2970 bus,
290 2888 497 2982 hospitando
523 2913 651 2973 secum,
677 2889 866 2962 honorifice
891 2891 1052 2983 suscepit.
1114 2889 1163 2959 Et
1188 2889 1304 2982 pepigi

161 3002 252 3086 “illi,
275 3007 483 3098 promittens
504 3008 540 3078 in
564 3006 717 3078 Domino
734 3031 804 3078 non
821 3009 975 3078 visurum
999 3031 1036 3078 se
1057 3015 1216 3088 mortem,
1241 3029 1306 3077 nec

163 3131 182 3158 “
192 3143 294 3190 suum
312 3120 477 3192 ultimum
494 3125 597 3206 diem,
616 3125 726 3195 donec
740 3148 864 3218 corpus
881 3125 1025 3195 Domini
1043 3148 1137 3196 ame
1155 3125 1306 3217 suscipe-

161 3247 180 3275 “
190 3244 254 3318 ret,
272 3245 309 3307 et
326 3237 376 3306 sic
393 3239 436 3310 de
453 3240 584 3310 mundo
601 3242 723 3312 exiret.
775 3240 971 3334 Praeparate
989 3242 1096 3336 igitur
1111 3241 1211 3311 nobis
1228 3263 1306 3310 nos-

160 3363 181 3392 “
192 3361 283 3423 tram
299 3354 425 3436 navim,
438 3364 480 3424 ut
496 3379 559 3448 per
572 3357 725 3427 divinam
742 3357 921 3428 scientiam
940 3359 1001 3428 diu
1017 3357 1116 3427 nobis
1134 3356 1306 3425 desidera-

161 3467 308 3552 “bilem
336 3479 374 3540 et
400 3471 567 3543 divinitus
593 3474 807 3566 promissam,
834 3475 1007 3567 possimus
1031 3471 1219 3565 repatriare
1243 3467 1306 3539 ad⁴

161 3587 346 3656 “nativam
362 3588 543 3679 patriam.”
593 3587 794 3683 Praeparati
816 3587 951 3683 itaque⁵
965 3585 1094 3682 magni
1107 3583 1211 3656 barcai
1228 3609 1305 3678 per-

6 3704 7 3750 l
100 3709 102 3714 ’
160 3703 316 3794 actisque
341 3712 477 3797 septem
503 3707 602 3776 annis
627 3729 668 3776 ao
693 3715 827 3799 septem
845 3705 1033 3786 mensibus,
1051 3725 1137 3795 quos
1155 3701 1305 3773 Sanctus

160 3816 299 3888 Teliaus
320 3818 485 3891 duxerat⁶
506 3822 543 3890 in
565 3821 829 3894 Armoricorum
851 3824 973 3917 patria,
1000 3821 1142 3890 intravit
1168 3819 1205 3889 in
1227 3840 1305 3889 cam
1350 3811 1352 3816 ’

159 3957 241 4004 cum
267 3935 389 4007 multis
418 3937 626 4030 doctoribus,
656 3947 694 4010 et
720 3941 926 4033 quibusdam
952 3936 1028 4009 aliis
1055 3936 1232 4030 episcopis,
1261 3935 1305 4005 de

160 4051 286 4144 quibus
312 4075 397 4146 gens
418 4052 665 4126 Britannorum
689 4057 733 4127 de
758 4057 943 4128 sanctitate
965 4063 1044 4148 post
1070 4052 1305 4146 pestilentiam

161 4165 396 4239 recrearetur.⁷
447 4169 495 4240 Et
511 4177 596 4242 tunc
607 4174 773 4265 praecepit
789 4174 868 4256 suis,
882 4173 1009 4254 dicens,
1024 4169 1179 4240 “Tollite
1193 4167 1306 4238 vobis-

162 4283 290 4354 “cum8
306 4284 400 4356 hunc
419 4288 679 4383 sarcophagum,
701 4299 743 4359 ut
762 4291 799 4360 in
815 4313 897 4360 eum
920 4311 1043 4382 corpus
1061 4285 1203 4357 Gerenii
1224 4306 1305 4353 con-

163 4401 379 4473 “deretur.”⁹
429 4400 479 4472 Et
500 4405 709 4477 admirantes
732 4407 905 4488 dixerunt,
932 4406 1107 4498 quianon
1133 4407 1304 4495 poterant,

193 4638 458 4696 ¹Sccundumdeest·
478 4641 511 4696 0.
548 4643 664 4713 ’Soptr‘ea
675 4645 758 4699 deest.
777 4643 811 4697 Ο.
846 4641 1015 4710 ⁸Affadiliter
1026 4639 1108 4692 deest.
1121 4637 1154 4692 Ο.
1190 4634 1302 4690 ⁴IraO.

160 4725 273 4793 Uoltur.
287 4726 321 4783 0.
357 4730 505 4782 ⁶Durcrot
517 4730 598 4786 deest.
615 4731 648 4786 Ο.
685 4731 870 4785 lRacrearcnt.
889 4728 922 4784 Ο.
958 4728 1128 4780 ⁸Nodt'ocom.
1147 4723 1181 4778 Ο.
1216 4722 1305 4777 90011-

160 4813 253 4867 doma
273 4815 306 4870 0.

727 4929 747 4976 P
