3318 5804
359 755 430 828 184
726 769 834 822 cram
856 767 1114 824 namurensis.

357 947 506 1036 negante
528 946 569 1008 ut
591 936 703 1020 solito,
727 939 867 1030 quidam
892 937 936 1008 de
958 938 1130 1010 sodalibus
1155 939 1246 1034 regis
1269 939 1398 1035 (clauso
1421 943 1484 1015 sibi

356 1052 614 1148 uterovirginis)
624 1053 764 1124 inflatus
773 1054 925 1148 maligno
936 1055 1067 1148 spiritu,
1074 1063 1111 1125 ct
1119 1056 1375 1148 spirituardoris
1385 1059 1485 1128 muli-

355 1167 1485 1262 ebris,¹etaccipiensfirndamentumafaecctemeritatisetluxuria

355 1288 471 1370 livore,
490 1287 638 1380 quadam
655 1286 711 1356 die
732 1286 770 1356 in
786 1295 915 1357 venatu
931 1287 1058 1357 occidit
1071 1287 1205 1382 Regem
1222 1287 1368 1370 Clitauc,
1387 1291 1486 1360 inno-

357 1411 506 1487 centem,
527 1401 625 1473 velut
651 1402 749 1495 pium
770 1426 908 1496 agnum,
926 1403 1034 1494 juxta
1049 1402 1180 1474 flumen
1197 1402 1336 1496 Mingui
1357 1427 1486 1497 111111-

353 1528 489 1592 tantem
501 1525 704 1590 venatorum
717 1527 937 1601 conventum,
951 1528 988 1591 et
1005 1527 1123 1590 tamen
1136 1521 1240 1592 verba
1256 1521 1340 1590 sacri
1353 1520 1484 1614 eloquii

354 1660 435 1708 cum
457 1658 592 1708 summa
608 1636 790 1706 devotione
812 1637 1121 1728 praemeditantem.
1172 1635 1347 1707 Delirncto
1364 1660 1416 1719 eo,
1433 1638 1485 1708 fa-
1547 1627 1552 1636 ’

353 1753 503 1823 miliares
520 1752 593 1836 1111,
611 1759 648 1822 11
665 1753 910 1843 compatriotae,
929 1761 966 1822 et
982 1752 1202 1823 nobilissimae
1221 1751 1407 1845 parentelae
1422 1777 1484 1846 po-

352 1869 497 1963 pulares,
508 1868 641 1959 junctis
657 1867 767 1938 bobus
784 1868 918 1939 feretris
934 1877 1113 1961 coeperrmt
1130 1891 1253 1961 corpus
1270 1868 1405 1939 deloco
1422 1893 1483 1939 au-

352 1986 451 2067 ferre,
468 1991 506 2053 et
522 1985 648 2054 vadum
667 1981 835 2079 Myngui²
851 1986 1005 2068 transire,
1023 1985 1113 2056 etin
1130 1983 1198 2055 alia
1217 1993 1315 2077 parte
1332 1984 1482 2055 [luminis

352 2107 531 2192 coeperunt
548 2101 635 2194 juga
659 2101 766 2170 bourn
789 2100 946 2194 dirumpi,
969 2109 1007 2172 et
1030 2101 1136 2172 boves
1158 2109 1258 2184 stare,
1280 2102 1366 2171 adeo
1388 2101 1482 2193 quod

351 2239 527 2310 nunquam
551 2216 594 2286 de
617 2217 693 2288 loco
710 2217 770 2288 illo
787 2240 856 2310 prae
878 2219 986 2288 nimia
1008 2218 1157 2310 corporis
1179 2218 1364 2311 gravedine
1384 2223 1482 2308 pote-

350 2341 428 2404 rant
444 2355 567 2425 corpus
588 2355 738 2417 movere,
756 2335 912 2426 quamvis
929 2332 1017 2426 saepe
1035 2333 1150 2428 ligatis
1171 2334 1351 2426 torquibus
1371 2341 1408 2402 et
1429 2332 1483 2402 fu-

351 2450 461 2532 nibus,
479 2457 598 2522 tamcn
620 2451 730 2542 mptis
747 2451 1064 2534 innumerabilibus,
1082 2473 1123 2520 ac
1141 2451 1169 2520 si
1185 2451 1306 2544 igneus
1323 2449 1483 2520 obstabat

351 2567 487 2660 globum
509 2567 560 2636 ita
572 2590 748 2660 nunquam
761 2568 866 2639 boves
879 2568 1066 2638 movebant
1078 2589 1212 2660 gressus
1225 2566 1381 2658 quamvis
1393 2564 1482 2635 mul-

351 2682 464 2776 tiplex
484 2684 603 2754 aderat
625 2683 794 2754 stimulus.
847 2682 896 2752 Et
912 2683 1110 2755 videntibus
1127 2683 1295 2765 omnibus,
1319 2689 1356 2752 et
1373 2683 1483 2751 admi-

351 2801 515 2883 rantibus,
532 2799 697 2870 remansit
714 2821 836 2891 corpus
858 2800 895 2868 in
918 2799 994 2870 loco
1011 2799 1077 2871 sibi
1095 2807 1283 2892 praeparato
1302 2798 1482 2882 divinitns3

351 2922 388 2985 11
403 2915 551 3006 populus
563 2915 683 2986 statim
698 2923 840 3008 propter
851 2917 960 2986 vitam
976 2914 1182 3009 praeclaram,
1197 2937 1301 3007 quam
1313 2915 1350 2983 in
1362 2923 1482 2984 sancto

350 3030 423 3099 viro
443 3030 656 3122 praeviderat,
677 3038 714 3102 et
736 3032 967 3114 sanctitatem,
985 3041 1022 3102 et
1039 3031 1146 3102 finem
1163 3031 1308 3100 ductum
1324 3030 1369 3101 ad
1386 3053 1483 3100 coro-

349 3168 431 3216 nam
453 3147 616 3240 martyrii,
634 3155 671 3218 et
687 3157 767 3241 post
783 3147 897 3231 finem,
919 3147 1114 3219 mirabilem
1126 3146 1303 3218 levitatem
1321 3148 1481 3238 corporis,

349 3262 387 3332 in
403 3265 554 3334 secundo
570 3264 776 3359 gravitatem
793 3266 946 3348 nimiam,
964 3273 1002 3336 et
1018 3263 1241 3346 immobilem,
1253 3262 1372 3333 laudes
1387 3271 1483 3333 retu-

349 3377 392 3450 lit
405 3379 497 3464 Deo;
520 3389 557 3452 11
570 3382 643 3452 visa
654 3381 816 3452 columna
827 3383 917 3476 ignis
929 3383 965 3452 in
979 3381 1137 3473 sequenti
1150 3387 1262 3462 nocte,
1277 3378 1320 3448 de
1332 3377 1482 3462 tumulo,

348 3506 428 3589 post
444 3497 656 3590 sepulturam
673 3497 880 3590 placabilem
893 3497 981 3568 Deo.
1024 3495 1074 3568 Et
1084 3497 1212 3579 statim,
1226 3493 1367 3566 oonsilio
1381 3493 1484 3588 Epis-

349 3614 426 3706 copi
438 3611 632 3698 Landaviae,
650 3623 686 3685 et
699 3615 792 3696 oleri,
803 3614 987 3685 fundatum
998 3621 1051 3684 est
1063 3614 1112 3684 ibi
1125 3610 1310 3692 oraculum,
1326 3618 1363 3680 et
1376 3611 1483 3682 bene-

348 3729 482 3799 dictum
504 3732 682 3825 aspergine
704 3755 801 3824 aquae
813 3731 850 3800 in
862 3731 992 3801 honore
1007 3730 1167 3823 martyris
1184 3726 1347 3811 Clitauci3
1377 3735 1415 3798 et
1436 3729 1481 3799 ab

346 3843 408 3913 illa
424 3844 480 3914 die
496 3848 602 3940 coepit
623 3847 719 3919 locus
739 3871 801 3940 pro
818 3847 920 3918 beato
937 3855 1087 3940 martyre
1104 3845 1267 3916 venerari.
1319 3842 1480 3928 Quadam

347 3958 404 4028 die
421 3970 590 4031 venemnt
607 3963 674 4032 duo
692 3964 755 4033 viri
781 3964 825 4034 de
848 3962 1031 4035 Lannerch
1055 3963 1290 4056 glas,interse
1312 3959 1401 4041 irati,
1424 3957 1478 4028 et³

347 4073 520 4160 dixerunt,
540 4076 834 4162 “Concordemur,
854 4089 890 4152 ct
907 4082 1089 4151 tendamus
1101 4080 1145 4150 ad
1158 4076 1283 4158 Matle,
1296 4074 1477 4146 ecclesiam

348 4189 500 4261 “Sancti
520 4191 683 4276 Dubritii,
706 4202 743 4263 et
765 4195 868 4265 simul
885 4197 1043 4288 juremus
1065 4218 1168 4288 super
1183 4193 1291 4264 altare
1313 4191 1412 4272 illius,
1434 4199 1477 4262 ut

348 4307 486 4379 “oblito
502 4309 638 4380 invidiae
659 4309 776 4394 livore,
794 4311 864 4381 imo
875 4313 1000 4404 juncto
1018 4312 1156 4394 foedere,
1174 4332 1310 4403 semper
1330 4331 1352 4378 a
1370 4307 1477 4377 modo

348 4424 483 4498 “simus
498 4426 645 4497 firmiter
660 4425 772 4511 amici,
789 4428 826 4497 in
848 4428 998 4500 fraterna
1013 4427 1129 4520 pace?
1179 4424 1248 4510 Qui
1267 4447 1347 4494 cum
1367 4425 1405 4494 in
1421 4425 1480 4496 via

467 4728 613 4786 ¹Mulieria.
630 4731 663 4787 0.
698 4731 832 4804 211119111.
852 4735 885 4790 Ο.
920 4735 972 4788 1111
983 4731 1167 4789 tntaairati
1176 4731 1309 4785 amne.
1327 4726 1361 4782 0.
