3336 5810
565 809 672 860 mons
696 809 953 862 nssnsvsnsn.
1250 795 1322 866 245

187 1005 315 1078 Psnm
342 1027 442 1078 omsc
464 1027 554 1078 nsns
577 1005 713 1078 Eninu¹
736 1029 777 1078 nt
800 1008 973 1092 Ssumm,
999 1010 1260 1086 Lnsnnmon’
1282 1037 1323 1088 m

648 1144 868 1196 ammonuit.

241 1323 381 1398 Mouric
393 1324 474 1396 Rex
487 1323 596 1396 Gulat
609 1322 782 1408 Morcant,
800 1306 891 1398 filius
907 1325 1025 1411 Hinel,
1038 1328 1188 1399 finmavit
1199 1352 1321 1422 pacem

190 1461 271 1510 cum
283 1439 439 1537 Etgnino
455 1439 527 1512 filio
543 1439 679 1524 Gmiat
693 1440 784 1536 Regi
801 1440 1018 1527 Gneniscoit3
1043 1444 1146 1516 ambo
1163 1446 1321 1536 jurantes

189 1577 291 1651 super
308 1557 474 1651 reliquias
491 1564 698 1641 sanctorum,
723 1559 924 1652 antepositis
944 1541 1047 1632 sociis
1063 1561 1257 1656 evangeliis,
1278 1572 1320 1634 nt

189 1673 292 1745 simul
317 1681 479 1747 tenerent
493 1682 615 1746 contra
630 1673 840 1746 Brachanios
855 1675 892 1745 in
908 1675 1059 1748 tinterna
1073 1699 1168 1770 pace,
1185 1687 1223 1750 et
1238 1702 1319 1751 con-

190 1796 243 1862 tra
259 1813 383 1862 omnes
403 1791 561 1862 inimicos
580 1813 668 1873 suos,
685 1788 821 1884 Anglos
838 1791 1028 1886 (videlicet)
1052 1815 1097 1864 ex
1118 1817 1188 1866 una
1208 1803 1316 1888 ponte,

190 1905 364 1978 dextrales
380 1904 566 1978 Britannos
577 1905 670 1978 ultnu
684 1913 867 1977 montanos
882 1930 927 1978 ex
943 1907 1011 1980 alia
1025 1916 1133 2002 palte,
1150 1917 1318 2003 prasente

188 2018 360 2116 Episcopo
373 2021 567 2107 Laudaviue
580 2020 605 2093 J
606 2022 722 2116 oseph,
735 2029 773 2092 et
783 2025 1007 2115 praesentibus
1022 2026 1178 2119 pluribus
1190 2028 1234 2099 de
1245 2051 1318 2100 me-

189 2135 330 2210 lioribus
353 2141 463 2234 regni.
513 2137 562 2210 Et
586 2139 679 2211 facta
696 2140 880 2231 juratione,
907 2149 943 2212 et
959 2142 1162 2215 confiimato
1177 2145 1316 2229 foedere,

187 2263 266 2346 post
287 2255 510 2327 intervallum
529 2253 719 2349 temporis,³
735 2255 917 2327 Mounicus
936 2255 1015 2328 Rex
1033 2260 1161 2355 (potius
1176 2261 1316 2354 peijurii

187 2370 373 2464 particeps)
387 2379 491 2465 rupto
502 2395 588 2465 pace
599 2369 671 2456 sui,
689 2380 726 2443 et
741 2374 779 2443 in
793 2395 900 2443 manu
916 2371 1078 2468 Episcopi
1094 2373 1315 2460 consolidati,

186 2486 281 2579 oepit
297 2486 499 2582 Elguinum,
525 2496 562 2560 et
584 2488 621 2558 in
637 2473 809 2560 cancerem
831 2512 933 2560 suum
953 2491 1096 2561 missum
1118 2490 1262 2562 abstulit
1283 2491 1316 2562 ei

186 2624 342 2696 mgnum,
360 2603 517 2676 simulet
539 2604 658 2676 lumen
679 2605 866 2688 oculorum,
885 2606 1034 2677 ducente
1048 2605 1147 2678 illum
1167 2607 1316 2678 orbitate

185 2719 230 2788 nd
253 2718 446 2790 interitum.
496 2718 546 2791 Et
569 2728 752 2814 postquam
777 2721 909 2793 audivit
933 2721 1124 2815 Episcopus
1147 2722 1317 2794 violatum

186 2834 297 2906 foedus
313 2835 497 2907 maledixit
513 2859 631 2930 rogem
648 2837 815 2930 iniquum,
832 2845 869 2909 ot
885 2837 1131 2923 malefactores,
1149 2848 1187 2911 et
1203 2839 1317 2910 conci-

185 2947 300 3020 liarios
315 2974 379 3043 pro
394 2951 487 3022 facto
503 2952 661 3045 peijurio,
682 2960 720 3022 et
741 2953 941 3038 homicidio;
966 2955 1141 3027 advocatis
1157 2957 1316 3028 omnibus

185 3064 319 3136 clericis
342 3067 451 3138 totius
475 3068 644 3160 parochiae
668 3069 760 3139 intra
784 3068 929 3140 ostium⁴
944 3070 1090 3166 Taratyr
1111 3072 1149 3142 in
1166 3073 1256 3167 Guy,
1278 3081 1316 3144 ct

185 3181 314 3252 ostium
330 3181 427 3275 Tyui,
446 3183 537 3275 apud
556 3182 778 3268 Laudaviam,
808 3193 845 3255 et
869 3187 1149 3259 confirmantibus
1178 3198 1315 3261 senten·

185 3297 271 3368 tiam
284 3297 496 3369 canonicam
546 3298 625 3370 Rex
641 3323 792 3393 nequam
805 3301 924 3374 videns
937 3302 1194 3375 damnationem
1206 3328 1313 3389 suam,

183 3421 221 3484 et
244 3421 382 3485 tantam
407 3417 799 3488 excommunicationem
826 3417 966 3490 sufferre
985 3442 1054 3490 non
1076 3441 1184 3511 posse,
1202 3423 1315 3513 requi·

184 3530 265 3601 sinit
282 3531 419 3601 veniam
437 3531 530 3624 apud
555 3531 777 3616 Londoviam,
795 3541 832 3604 et
855 3535 948 3627 apud
973 3533 1099 3618 Deum,
1123 3557 1186 3628 per
1208 3537 1315 3606 inter·

182 3646 374 3718 cessionem
399 3645 567 3732 Dubricii,
592 3649 735 3732 Telinni,
760 3657 797 3720 et
819 3649 984 3733 Ondooei,
1010 3659 1046 3722 et
1066 3649 1198 3744 Joseph
1215 3650 1315 3745 Epis·

183 3763 273 3854 copi,
291 3771 329 3833 et
345 3763 428 3834 dato
443 3763 509 3834 sibi
525 3765 626 3835 venia
643 3766 747 3837 simul
769 3789 849 3838 cum
868 3767 991 3859 juncta
1012 3767 1225 3859 poenitentia,
1249 3767 1315 3840 lar-

182 3880 279 3972 gitus
295 3886 351 3950 est
370 3879 407 3950 in
423 3880 631 3952 eleemosina
647 3880 735 3966 Deo,
754 3890 790 3954 et
811 3882 948 3956 Sanctis
968 3882 1144 3966 Dubricio‚
1162 3882 1314 3970 'reliana

183 4001 221 4064 et
247 3993 423 4078 Oudoceo‚
449 4005 486 4066 et
510 3995 641 4090 Joseph
665 3998 847 4093 Episcopo,
873 4009 910 4071 et
934 4000 1092 4070 omnibus
1115 4001 1316 4092 praesulibus

183 4107 369 4182 landavise
398 4111 517 4184 villam
546 4111 757 4208 Pennipriso‚
786 4116 823 4187 id
852 4116 914 4200 est,
944 4115 1047 4188 difrin
1075 4117 1210 4199 cnouid‚
1234 4139 1314 4188 oum

185 4247 247 4298 sua
269 4235 348 4300 tota
377 4227 546 4314 libertate,
572 4239 609 4301 et
634 4231 714 4304 data
739 4233 833 4304 omni
858 4233 1099 4304 communione
1122 4232 1252 4317 incolis,
1278 4234 1315 4304 in

184 4363 304 4436 campo
326 4352 365 4416 et
385 4345 422 4416 in
442 4345 544 4430 silvis,
564 4347 601 4417 in
622 4371 712 4442 aqua
731 4357 769 4421 et
789 4351 825 4420 in
844 4351 987 4443 pascuis,
1006 4357 1042 4420 et
1063 4350 1136 4420 sine
1157 4348 1230 4420 ullo
1246 4370 1315 4421 ser·

218 4665 336 4724 'Elidem
365 4669 398 4723 Ο.
443 4670 646 4729 matutinale.
665 4674 701 4730 0.
744 4673 807 4731 ³sic
825 4674 858 4732 0.
877 4678 995 4744 imperis
1012 4674 1093 4729 deest.
1118 4673 1156 4727 ll.
1199 4671 1262 4728 ⁴Sic
1280 4671 1314 4728 0.

186 4755 254 4819 infra
270 4758 393 4812 hostium.
413 4755 451 4813 H.
