3316 5796
516 852 622 902 usne
646 852 903 906 nnuunvnrrus.
1230 836 1276 907 93

22 1027 23 1054 l
140 1027 283 1114 propter
294 1021 456 1102 virtutes,
470 1019 561 1112 quod
574 1019 796 1090 confiteretur
808 1041 878 1089 non
890 1019 1021 1090 habuit.
1065 1019 1204 1114 Quippe
1216 1023 1277 1092 bo-

140 1159 208 1208 uus
224 1138 260 1206 in
275 1137 434 1219 infantia
453 1136 491 1205 in
506 1137 693 1228 juventute
708 1135 840 1218 melior,
860 1136 899 1204 in
918 1143 1097 1206 senectute
1114 1139 1274 1229 optimus.

191 1251 240 1324 ΙΙ.
265 1251 338 1324 Sed
355 1277 403 1324 ne
420 1253 510 1324 tanti
527 1251 591 1320 viri
612 1272 721 1345 genus
737 1258 902 1335 taceatur,
921 1253 1017 1343 quasi
1033 1253 1212 1336 nescitum,
1230 1276 1276 1324 ex

142 1369 311 1440 nobilibus
333 1369 441 1439 illum
462 1367 662 1461 parentibus
684 1367 811 1438 scimus
833 1367 937 1438 finisse
956 1377 1082 1451 ortum,
1104 1377 1146 1439 ut
1165 1371 1275 1440 caruis

139 1483 298 1557 nobilitas
313 1486 521 1556 honestaret
536 1505 618 1554 eum
633 1484 726 1554 inter
739 1483 906 1567 homines,
925 1485 985 1576 qui
1000 1485 1075 1576 jam
1092 1486 1197 1556 animi
1214 1509 1275 1556 no-

138 1599 271 1672 bilitate
283 1601 384 1696 apud
400 1599 519 1672 Deum
531 1607 606 1672 erat
622 1599 853 1692 acceptabilis.
904 1597 1006 1670 Post1
1021 1601 1275 1672 incrementum

139 1725 255 1788 autem
271 1719 400 1800 aetatis,
418 1717 587 1788 virtutum
604 1724 641 1786 et
661 1716 838 1809 sapientiae
854 1738 1006 1810 congruo
1021 1717 1161 1788 nomine
1178 1715 1274 1787 Elios

140 1834 393 1927 asapientibus
413 1840 631 1926 nuncupatus
648 1840 711 1914 est,
728 1811 828 1903 ¹Elios
844 1827 979 1902 autem¹
996 1829 1126 1915 Graece,
1149 1831 1274 1903 Latine

140 1947 199 2021 Sol
217 1952 485 2044 interpretatur:
510 1949 667 2043 fulgebat
682 1949 776 2019 enim
793 1957 834 2018 ut
851 1945 912 2018 Sol
929 1947 1002 2038 ejus
1019 1941 1175 2019 doctrina
1191 1949 1275 2020 fide·

21 2135 22 2138 ,
141 2063 223 2135 lium
239 2066 451 2138 illustrando
467 2066 669 2136 doctrinam.
721 2062 792 2134 Sed
812 2063 984 2134 illiteratis
999 2064 1197 2136 hominibus
1213 2088 1274 2137 ex·

21 2181 22 2242 3
141 2189 291 2253 tremum
302 2181 466 2254 vocabuli
483 2179 642 2274 corrupte
657 2180 919 2275 proferentibus,
932 2179 1083 2251 adolevit
1095 2182 1188 2273 quod
1204 2205 1274 2253 non

144 2296 249 2382 Elios,
266 2301 328 2370 sed
349 2298 456 2370 Eliud
472 2297 640 2391 apellatus
657 2304 719 2368 est.
770 2295 806 2366 A
825 2295 954 2366 Sancto
970 2303 1089 2367 sutem
1105 2295 1273 2369 Dubricio

145 2411 422 2507 Archipraesule³
433 2415 530 2506 cujus
546 2415 723 2507 proximus
740 2435 914 2483 successor
929 2412 1057 2495 extitit,
1070 2411 1217 2505 legimus
1233 2415 1274 2484 il-

21 2513 22 2574 l
146 2529 272 2600 lumin
292 2531 439 2623 pueritia
453 2532 491 2600 in
508 2529 621 2600 Sacris
638 2527 824 2623 Scripturis
841 2528 945 2598 finisse
962 2527 1145 2610 eruditum,
1163 2530 1273 2600 donec

144 2669 225 2717 eum
237 2647 378 2718 tandem
391 2647 481 2717 vidit
492 2655 597 2718 tantae
608 2645 733 2716 indolis
744 2668 900 2738 puerum,
914 2652 1037 2714 utnon
1049 2644 1161 2714 solum
1172 2644 1272 2715 illum

143 2764 300 2835 crederet
315 2766 427 2857 seipso
438 2765 477 2833 in
492 2763 637 2834 scientia
653 2785 722 2832 non
735 2784 809 2832 esse
820 2761 1027 2841 inferiorem,
1045 2759 1105 2829 sed
1123 2758 1271 2854 (Spiritu

20 2881 22 2910 ²
142 2878 266 2953 Sancto
279 2877 503 2973 cooperante)
514 2878 768 2971 Scripturarum
780 2878 888 2948 nodos
900 2876 1023 2948 melius
1035 2899 1098 2971 per
1107 2899 1152 2960 se,
1168 2900 1270 2969 quarn

142 2995 251 3089 aliquo
268 2997 338 3068 sibi
354 2997 578 3091 magistrante
591 2994 808 3088 expediebat.
858 2993 938 3078 Quo
949 2994 1021 3062 viro
1035 2991 1184 3064 Sanctus
1197 2991 1271 3063 Du·
1364 2983 1370 2998 ⁸

141 3112 274 3198 bricius,
291 3113 350 3206 qui
366 3113 544 3205 hucusque
560 3111 673 3182 fuerat
685 3133 766 3182 suus
777 3118 975 3204 praeceptor,
989 3111 1116 3203 quique
1126 3110 1201 3202 jam
1219 3110 1271 3180 in-

140 3229 322 3324 telligebat
339 3251 375 3300 se
390 3251 462 3300 non
477 3251 576 3322 posse
592 3227 658 3298 sibi
673 3226 876 3321 magistrari,
890 3225 999 3297 voluit
1015 3235 1056 3296 ut
1072 3226 1137 3297 sibi
1154 3249 1270 3297 sucee-

140 3345 232 3417 deret
244 3349 288 3418 in
299 3347 506 3440 magisterio,
520 3367 601 3414 cum
613 3366 695 3415 eum
707 3344 890 3414 excederet
903 3341 1060 3412 doctrina
1071 3349 1108 3412 et
1119 3343 1268 3436 iugenio.

185 3463 256 3534 III.
287 3461 359 3533 Sed
380 3470 480 3532 tanta
500 3463 709 3556 gratiosum
729 3460 968 3541 comitabatur,
985 3466 1170 3549 tantusque
1187 3478 1269 3527 eum

142 3581 241 3650 studii
269 3601 374 3650 sacrae
401 3577 558 3648 lectionis
580 3577 694 3648 fervor
721 3575 937 3656 incendebat,
963 3581 1003 3642 ut
1029 3572 1089 3643 ille
1115 3572 1209 3665 quij

141 3681 211 3767 aliis
221 3696 421 3789 magistrari
433 3701 579 3788 poterat,
593 3701 629 3764 et
641 3693 753 3764 adhue
764 3692 969 3786 magistrum
982 3688 1170 3781 quaerebat3
1191 3695 1268 3756 tum

142 3814 218 3904 quis
233 3813 302 3883 sub
314 3810 456 3882 alterius
471 3811 623 3882 malebat
635 3832 709 3880 esse
722 3807 910 3902 disciplina,
925 3829 1029 3898 quam
1042 3801 1205 3875 dissolute
1218 3803 1267 3872 vi-

141 3949 226 4012 vere,
239 3910 435 3999 tum'etiam
444 3927 734 4020 quiamysterium
743 3933 780 3996 et
792 3923 1002 3994 subtilitates
1013 3919 1266 4013 scripturarum

121 4057 124 4066 ’
139 4045 280 4116 volebat
291 4043 500 4138 iutelligere3
516 4043 576 4114 sed
589 4066 658 4113 non
670 4063 766 4111 more
778 4040 963 4111 stultorum
975 4035 1264 4130 philosophorum,

141 4169 177 4230 ut
198 4161 288 4233 alios
310 4161 544 4242 confunderet,
567 4160 639 4228 imo
660 4165 703 4228 ut
722 4156 961 4228 haereticorum
978 4175 1107 4224 errores
1123 4151 1266 4222 confiun-

141 4277 218 4349 dere
243 4284 370 4370 posset.
422 4276 588 4347 Contudit
608 4276 725 4366 itaque
745 4271 934 4343 multorum
959 4269 1114 4350 haereses,
1139 4267 1267 4338 multo·

141 4416 285 4487 rumque
301 4393 452 4464 correxit
469 4415 606 4464 encres.

177 4707 356 4765 means
369 4707 529 4765 morosa
540 4687 1002 4779 ostendebamus.
1037 4697 1101 4754 ’ss
1113 4697 1146 4752 0.
1158 4702 1214 4752 aa.
1228 4695 1265 4751 n.

147 4793 355 4866 Ἀωιιφιωρι
376 4797 411 4852 0.
