3316 5796
746 845 855 894 LIBER
880 844 1139 894 LANDAVENSIS.

687 1045 874 1116 Ornruruc
891 1065 936 1114 nr
953 1064 1051 1114 anun
1068 1065 1206 1115 ennom.

425 1246 586 1332 Quadam
604 1245 660 1316 die
673 1246 820 1338 contiffl't
833 1245 927 1337 quod
943 1245 1038 1338 porei
1055 1246 1158 1315 unius
1174 1245 1321 1316 hominis
1338 1248 1385 1318 de
1402 1248 1523 1320 Penn-

377 1362 484 1434 alunn
505 1365 720 1433 intraverunt
742 1363 780 1431 in
802 1370 937 1455 segetes
959 1363 1062 1432 unius
1080 1362 1206 1445 divitis,
1229 1364 1371 1433 nomine
1388 1365 1519 1450 Tutuc,

376 1483 436 1573 qui
456 1503 537 1550 cum
557 1479 624 1550 hoc
646 1480 812 1550 damnum
831 1479 982 1561 vidisset,
1001 1480 1159 1570 quesivit
1179 1479 1358 1550 subulcum
1380 1491 1422 1552 ut
1441 1485 1519 1554 vin·

375 1597 504 1668 dictam
517 1598 555 1666 in
567 1620 648 1667 eum
666 1596 805 1676 faceret,
819 1604 857 1665 et
874 1619 944 1666 non
960 1597 1094 1665 invenit
1111 1619 1193 1666 eum
1210 1597 1317 1667 donee
1334 1599 1378 1668 ad
1395 1599 1518 1670 locum

375 1713 558 1785 Pennalun
574 1714 742 1806 pervenit,
756 1720 793 1781 et
809 1712 859 1782 ibi
876 1711 1059 1782 subulcum
1075 1713 1225 1797 invenit;
1250 1722 1287 1785 et
1300 1713 1417 1785 volens
1429 1739 1516 1785 eum

375 1829 492 1902 ferire¹
502 1828 721 1912 cumlanceai,
731 1829 984 1899 interveniente
994 1829 1127 1899 infante
1137 1829 1289 1921 quodam
1299 1833 1436 1901 nomine
1445 1831 1516 1926 Ty

374 1947 466 2041 phei,
484 1955 612 2040 nepote
630 1945 751 2016 Sancti
769 1945 914 2029 Teliaui,
936 1955 1031 2016 etse
1054 1945 1198 2017 subulco
1221 1946 1437 2030 defendente,
1459 1949 1515 2017 in-

375 2063 509 2133 fantem
525 2062 673 2133 crudelis
690 2063 742 2131 vir
762 2062 950 2156 perforavit
967 2061 1096 2146 lancea,
1114 2072 1152 2133 et
1174 2072 1333 2134 mortuus
1349 2071 1411 2134 cst.
1464 2063 1515 2133 Et

374 2187 496 2273 postea
520 2181 694 2272 poenitens
721 2178 852 2261 fecisse,
880 2180 1018 2250 veniam
1044 2181 1201 2272 quaesivit
1226 2181 1320 2273 apud
1345 2179 1514 2250 Sanctum

374 2295 542 2378 Teliaum,
560 2297 839 2390 etsemetipsum
857 2291 949 2378 sibi,²
961 2296 1067 2367 verbo
1076 2304 1113 2367 et
1125 2318 1295 2366 consensu
1312 2296 1421 2390 Regis
1433 2295 1515 2366 Air-

375 2412 440 2496 col,
455 2435 535 2484 cum
549 2413 682 2484 duabus
694 2412 785 2484 villis
802 2413 881 2496 suis,
896 2411 1064 2496 Ciltutuc,
1078 2420 1115 2483 et
1129 2411 1311 2483 Penclecir
1323 2413 1421 2484 dedit
1434 2436 1515 2483 cum

374 2553 502 2625 magna
515 2531 699 2601 devotione
712 2531 749 2600 in
761 2538 931 2623 perpetua
943 2529 1119 2612 servitute,
1134 2537 1263 2600 etcum
1273 2537 1351 2599 tota
1363 2553 1426 2600 sua
1437 2553 1516 2622 prc-

374 2649 486 2743 genie,
504 2645 558 2719 et³
574 2647 728 2718 ecclesiae
745 2645 941 2729 Laudaviae,
959 2653 997 2716 et
1016 2645 1210 2739 pastoribus
1227 2645 1320 2716 illius
1336 2647 1375 2717 in
1392 2669 1516 2739 perpe-

374 2773 447 2848 tuo,
465 2787 546 2835 cum
563 2787 625 2834 sura
641 2764 735 2834 omni
757 2763 929 2845 libertate,
948 2765 1022 2833 sine
1039 2763 1155 2855 aliquo
1171 2784 1278 2833 censu
1296 2761 1360 2833 ulli
1380 2763 1515 2833 homini

374 2889 522 2962 terreno,
540 2880 606 2951 nisi
624 2878 712 2964 Deo,
730 2887 767 2949 et
784 2878 937 2950 ecclesiae
955 2878 1151 2950 Laudaviae.
1203 2878 1260 2950 De
1273 2878 1427 2962 Olericis,
1445 2889 1516 2950 tes-

375 2997 421 3066 tis
442 3005 495 3066 est
512 2993 804 3088 Archiepiscopus
820 2995 958 3067 Teliaus
974 3019 1056 3067 cum
1076 2996 1146 3067 suis
1167 2995 1343 3088 discipulis
1361 2994 1515 3090 Longrdl

376 3120 413 3183 et
436 3110 576 3182 Fidelis.
627 3109 685 3181 De
705 3111 801 3181 laicis
818 3134 899 3182 vero
916 3111 997 3183 Rex
1013 3109 1145 3196 Aircol,
1171 3112 1349 3194 Livathru,
1369 3110 1514 3196 Letclit,

377 3225 465 3298 Ina.⁴
515 3226 611 3298 Finis
628 3223 706 3311 est,⁶
728 3226 762 3299 Ο
783 3227 905 3299 castell
922 3225 1059 3299 cerran⁶
1076 3229 1198 3300 dinant
1215 3229 1371 3300 torricair
1382 3230 1444 3300 bet
1460 3227 1517 3298 hi⁷

375 3343 527 3439 locuhty,
545 3365 590 3416 ex
607 3343 676 3416 alia
691 3354 799 3437 parte,
818 3368 839 3415 ο
856 3354 942 3416 nant
958 3345 1080 3416 castell
1097 3343 1233 3416 cerran⁶
1248 3347 1311 3417 bet
1329 3347 1365 3414 in
1382 3346 1479 3416 ritcc.

564 3612 752 3684 Mmuaun
768 3633 933 3696 urruns,
951 3634 996 3684 m
1012 3613 1191 3684 onerans
1208 3634 1323 3684 unua.

425 3811 508 3883 Fuit
525 3815 578 3883 vir
594 3811 792 3908 Cynguain⁸
814 3815 964 3896 nomine,
983 3813 1027 3884 de
1045 3812 1258 3896 Doucledis‚⁹
1281 3821 1383 3886 natus
1404 3814 1513 3886 nobili

374 3926 563 4020 parentela,
581 3930 642 3999 sed
659 3953 789 4023 egenus
806 3939 843 4000 et
858 3939 1035 4014 uxoratus,
1053 3933 1114 4023 qui
1133 3933 1171 4002 in
1191 3939 1331 4003 tantum
1350 3933 1513 4002 utebatur

373 4067 484 4114 uxore
500 4041 572 4127 sual,
587 4048 680 4136 quod
696 4047 840 4139 singulis
857 4049 955 4118 annis
972 4047 1148 4142 singulum
1164 4049 1357 4142 procreavit
1373 4055 1512 4130 natum;

373 4183 442 4253 quo
454 4160 565 4254 magis
573 4161 725 4254 gaudere
738 4162 913 4234 debebant
923 4188 965 4235 ec
977 4166 1089 4258 magis
1097 4165 1332 4246 tristabantur,
1346 4164 1391 4234 ob
1403 4185 1513 4255 penu-

374 4276 461 4345 riam
474 4285 511 4347 et
527 4277 745 4368 frequentem
766 4287 920 4370 partum;
943 4281 1030 4352 adeo
1047 4289 1155 4351 tantae
1171 4280 1402 4374 simplicitatis
1418 4280 1513 4372 quod

373 4392 455 4463 inde
468 4393 698 4485 requisierunt
710 4393 892 4465 consilium
903 4396 995 4489 apud
1007 4397 1177 4468 Sanctum
1187 4397 1347 4468 'I'eliaum
1358 4396 1401 4467 de
1413 4405 1514 4467 tanta

407 4705 605 4774 ¹Sch.sm'ri.
616 4708 696 4764 MSS.
715 4709 842 4767 witao.
861 4711 910 4765 lm
921 4711 1092 4768 abundatss.
1117 4715 1291 4782 *RaaDonid
1299 4713 1468 4769 inseruntur.
1478 4714 1514 4768 Ο.

372 4793 600 4850 ³SicO.estc.H.
636 4796 764 4851 marran.
777 4798 813 4851 0.
847 4799 1001 4868 metuam
1030 4800 1241 4870 ⁸Oyapuam.0.
1272 4801 1515 4856 medenatense.
