3318 5804
399 811 471 884 146
770 829 878 882 mne
901 828 1159 884 nrnnrvnrrns.

396 1000 433 1070 in
457 1019 563 1070 menn
588 993 745 1067 Oudocei
771 995 897 1064 summi
922 991 1094 1086 Episcopi,
1112 1002 1149 1064 εῖ
1173 998 1336 1070 omnibus
1357 996 1524 1091 episcopis

397 1114 591 1194 Lnndcviae,
625 1113 663 1182 in
695 1117 863 1203 perpetua
890 1111 1155 1193 consecratione,
1187 1109 1421 1206 Longumaet,
1452 1140 1525 1209 quae

395 1238 500 1302 antee
515 1230 629 1300 fueret
647 1228 684 1298 in
706 1226 818 1320 primo
833 1233 990 1319 tempore
1007 1234 1206 1298 sanctorum
1225 1227 1387 1301 Dubricii
1407 1241 1445 1305 εῖ
1463 1232 1529 1304 Τε-

395 1347 488 1430 lieni,
507 1369 587 1417 cum
610 1343 705 1416 omni
730 1366 792 1414 suo
808 1343 996 1426 territorio;
1021 1344 1134 1427 etita,
1152 1344 1312 1415 sinenllo
1329 1369 1439 1420 censu
1466 1349 1530 1420 ulii

394 1464 528 1538 homini
543 1471 690 1543 terreno,
707 1483 834 1553 magno
847 1459 902 1530 vel
918 1459 1066 1544 modico,
1079 1461 1145 1530 nisi
1162 1459 1311 1532 ecclesiae
1328 1461 1532 1550 Laudavioe,

395 1590 525 1654 etcum
537 1579 672 1673 refugio
684 1579 737 1648 sui
750 1585 787 1648 εῖ
800 1573 895 1647 omni
913 1577 1083 1670 dignitate
1097 1576 1302 1648 Sanctorum
1315 1577 1477 1650 Dubricii
1493 1589 1534 1652 et

396 1697 541 1782 Teliaui,
564 1704 601 1768 et
622 1694 812 1789 privilegio,
831 1700 868 1763 et
890 1701 967 1764 tota
983 1695 1226 1765 communione
1242 1695 1361 1766 incolis
1377 1694 1430 1766 in¹
1448 1721 1535 1790 per-

396 1825 513 1910 petuo,
531 1814 567 1884 in
584 1834 706 1905 campo
723 1818 760 1882 et
777 1811 813 1880 in
830 1809 934 1892 silvis,
958 1810 995 1880 in
1011 1834 1101 1903 oque
1117 1819 1153 1882 εῖ
1173 1811 1211 1880 in
1231 1812 1373 1904 pascuis,
1390 1821 1427 1884 et
1445 1837 1535 1886 cum

396 1933 522 2004 finibus
539 1929 622 2011 snis3
649 1928 730 1998 dcte
745 1927 990 1998 maledictione
1006 1927 1192 2011 violatoris,
1210 1928 1449 2000 benedictione
1467 1954 1534 2002 au-

396 2057 469 2120 tem
483 2045 676 2118 servaturis.
727 2042 784 2114 De
797 2042 950 2126 Olericin
960 2049 1066 2114 testes
1082 2051 1164 2114 sunt
1181 2042 1367 2116 Oudoceus
1384 2045 1535 2138 Episco-

394 2187 468 2260 pus,
481 2163 604 2244 Sedoc‚
615 2160 787 2242 Conbran,
798 2159 971 2242 Concedo,
983 2159 1158 2244 Oonneon
1170 2159 1309 2244 Oonlec
1323 2161 1425 2246 Brnn,
1437 2162 1538 2236 (ion-

395 2283 526 2362 Ionem,
548 2279 685 2360 Gellnn‚
703 2274 827 2370 Angor,
846 2275 1064 2371 Guengnrth:
1090 2278 1134 2348 de
1158 2277 1254 2348 laicis
1278 2302 1370 2361 nero,
1389 2277 1539 2374 August

398 2397 486 2480 Rex,
504 2397 567 2466 filii
584 2395 658 2486 ejus
675 2391 781 2463 Eliud
797 2401 834 2464 et
851 2393 1047 2476 Riuallaun
1065 2416 1145 2463 oum
1160 2394 1281 2465 multis
1298 2394 1537 2470 aliie—Finis

397 2514 491 2586 illius
513 2520 576 2594 est,
593 2510 697 2582 Blein
712 2510 828 2580 ethrin
844 2533 883 2580 nr
897 2511 951 2580 hit
967 2511 998 2580 ir
1014 2510 1111 2580 cecin
1128 2509 1239 2580 iuinid
1263 2511 1353 2581 inhit
1375 2513 1411 2582 di
1432 2511 1536 2584 carn²

399 2631 534 2712 erchcn,
553 2652 574 2698 o
590 2651 672 2698 cern
684 2626 810 2697 erchen
823 2627 876 2696 dir
886 2625 1033 2696 henford
1048 2627 1137 2698 iford
1150 2624 1255 2696 inhit8
1267 2627 1327 2698 δεῖ
1339 2627 1441 2721 porth
1455 2631 1537 2700 idor

399 2748 486 2818 cluit
502 2746 556 2815 hit
568 2745 666 2814 cecin
681 2743 771 2813 inhit
786 2744 848 2814 bet
860 2743 955 2815 blein
971 2750 1056 2814 nent
1073 2743 1223 2825 dinoant,
1241 2744 1337 2813 inent
1350 2743 1456 2815 inhit³
1470 2747 1534 2818 δεῖ

398 2885 468 2955 pen
480 2862 614 2932 discinn
627 2861 726 2931 inant
739 2860 863 2943 cilieni‚
878 2860 992 2930 cilieni
1004 2860 1041 2930 in
1053 2859 1106 2929 hit
1119 2859 1304 2954 dirguairet
1316 2861 1378 2931 bet
1395 2862 1432 2932 in
1447 2885 1535 2956 aper

398 2984 484 3048 nont
493 2976 629 3046 irhenni
637 2975 691 3044 hit
699 2976 761 3047 δεῖ
769 2976 863 3047 icruc
872 2976 1044 3059 hisberun
1055 2999 1164 3046 oornc
1174 2976 1337 3046 hisberun
1345 2977 1442 3047 cecin
1453 2979 1533 3050 imi-

398 3091 459 3162 nid
471 3090 561 3160 inhit
570 3091 632 3160 bet
644 3091 740 3162 imon
749 3094 837 3164 crois
846 3093 990 3186 guorion
1001 3092 1186 3185 dirguairet
1196 3092 1256 3163 bet
1266 3091 1396 3186 iguoun
1405 3095 1531 3178 teirfin,

398 3209 520 3280 dincnt
537 3230 657 3290 conon,
674 3216 760 3280 nont
776 3232 887 3280 cenon
903 3211 940 3280 in
955 3209 1009 3278 hit
1025 3210 1085 3280 bet
1102 3209 1263 3292 crcilieni,
1282 3210 1397 3280 citieni
1418 3211 1456 3280 in
1477 3211 1532 3282 hit
1603 3203 1606 3210 ’

398 3326 497 3400 betin
517 3347 600 3418 oper
621 3325 712 3419 ipont
734 3325 790 3407 du,
808 3334 887 3416 post
904 3327 952 3396 du
974 3325 1010 3395 in
1029 3325 1083 3394 hit
1098 3327 1159 3396 bet
1176 3349 1214 3396 cr
1229 3325 1375 3410 cicutae,
1394 3328 1530 3399 cloutec

398 3445 436 3518 in
459 3441 514 3514 hit
537 3442 599 3512 bet
623 3440 730 3513 iblcin
746 3441 799 3510 dir
814 3465 924 3536 gnern
948 3449 1045 3512 trous
1068 3442 1191 3512 iminid
1215 3443 1255 3512 in
1276 3443 1329 3513 hit
1353 3443 1415 3516 bet
1439 3445 1532 3516 frinn

398 3561 538 3633 bucelid
553 3560 696 3631 irbrinn
711 3559 749 3628 in
764 3557 818 3628 hit
829 3559 892 3628 bet
907 3557 1015 3629 iblain
1030 3581 1165 3641 menen,
1179 3558 1296 3630 oblnin
1311 3583 1438 3632 manen
1455 3563 1532 3634 inri-

400 3680 460 3752 nid
476 3679 513 3749 in
529 3677 583 3747 hit
598 3676 660 3748 δεῖ
675 3675 783 3748 ibinin
798 3675 934 3759 ethrun
952 3674 1012 3746 nbi
1029 3675 1168 3768 incepit.

803 3941 886 4012 δεῖ
903 3941 1127 4014 Orncrnnn

450 4138 615 4210 Morcant
631 4137 720 4220 Rex,
734 4137 881 4211 Athruis
893 4119 993 4224 iilius,
1011 4164 1073 4234 pro
1089 4137 1206 4212 animi
1218 4139 1319 4211 Frioc
1332 4138 1410 4210 filii⁴
1422 4138 1527 4210 Mou-

398 4255 471 4339 rici,
490 4275 594 4347 quem
611 4255 684 4348 ipse
701 4255 837 4338 occidit,
855 4265 892 4327 et
908 4269 971 4350 p'ro
987 4257 1226 4350 redemptione
1242 4259 1364 4328 anirnae
1380 4279 1458 4338 suae,
1472 4281 1529 4328 ec·

400 4380 502 4466 cepto
508 4371 595 4465 jugo
605 4370 827 4464 poenitentiae,
837 4373 874 4442 in
881 4373 1024 4465 jejunio,
1034 4381 1072 4445 et
1081 4371 1309 4468 eleemosyni,
1320 4380 1355 4444 et
1364 4373 1530 4456 oratione,

401 4488 497 4560 dedit
516 4509 651 4558 summo
678 4485 849 4582 Episcopo
874 4487 1050 4574 Oudoceo,
1077 4487 1324 4574 Lancinoirili⁵
1348 4499 1384 4561 et
1409 4513 1532 4586 agrurn

400 4772 590 4830 1Ιπιὶεεῖῖ.0.
615 4776 729 4832 ²Uar-no.
742 4776 775 4832 0.
800 4777 904 4832 iNitit.
918 4775 955 4831 H.
973 4777 1037 4833 ⁴Sic
1050 4777 1084 4832 Β.
1088 4777 1156 4845 filio.
1170 4777 1249 4836 MSS.
1274 4779 1485 4849 Ummidii.
1498 4775 1537 4834 0,
