3348 5804
518 825 626 876 iruna
650 826 909 876 usunavsums.
1235 807 1279 876 ll

146 995 249 1078 dum;
278 1002 313 1064 et
337 991 496 1086 quamvis
521 990 666 1084 pusillus
689 993 834 1084 parebat
858 993 896 1061 in
921 993 1044 1086 specie,
1070 999 1190 1064 tamen
1212 1015 1282 1087 prae

145 1111 253 1180 nimio
279 1110 404 1204 gaudio
435 1109 582 1200 optabat
611 1108 740 1178 iterum
770 1107 930 1178 Ildutum
959 1109 1054 1180 adire
1084 1117 1122 1180 et
1151 1111 1284 1193 videre;

144 1234 182 1296 et
225 1225 505 1296 commendatum
538 1225 603 1296 sibi
637 1225 675 1293 in
707 1233 876 1317 perpetuo
909 1224 1031 1307 filium,
1066 1249 1147 1296 cum
1189 1234 1281 1298 esset

144 1365 309 1412 annorum
346 1342 502 1433 quinque
540 1340 690 1422 edocuit,
730 1348 768 1410 et
804 1342 850 1411 ad
891 1340 1085 1412 litterarum
1127 1342 1282 1412 studium

143 1465 332 1528 coaetaneos
365 1478 446 1527 suos
476 1456 622 1538 devicit;
656 1463 697 1526 ut
730 1457 790 1548 qui
823 1457 942 1527 statim
976 1464 1051 1526 erat
1084 1457 1280 1550 discipulus.

143 1571 354 1644 efficiebatur
379 1595 502 1643 eorum
528 1573 630 1666 (miro
654 1571 774 1663 modo)
793 1559 965 1667 ¹magister
990 1573 1093 1644 simul
1118 1581 1155 1644 et
1180 1574 1281 1646 disci-

141 1689 249 1780 pulus.
302 1687 407 1760 Adeo
432 1688 599 1781 diligebat
625 1709 708 1758 eum
735 1689 901 1784 magister
925 1697 963 1759 et
987 1689 1147 1759 dominus
1173 1687 1280 1761 Sanc·

142 1803 203 1876 tus¹
232 1805 386 1888 Ildutus,
417 1813 458 1874 ut
486 1805 647 1875 omnibus
676 1803 778 1887 horis,
809 1827 879 1897 prae
908 1806 1042 1876 cunctis
1069 1805 1280 1877 scholaribus

142 1918 233 1992 eum'
253 1923 425 1992 cariorem
446 1922 483 1991 iu
504 1922 647 2004 cunctis,
674 1930 809 1993 etcum
830 1945 873 1992 eo
891 1921 1092 2017 diligentins
1108 1923 1280 1994 serviebat

141 2037 300 2108 ecelesiae.
364 2035 515 2108 Sanctus
541 2035 691 2120 Ildutus,
722 2036 881 2108 laborans
906 2045 948 2108 ut
973 2039 1213 2130 requiesceret,
1242 2048 1280 2109 et

142 2155 253 2225 vivens
278 2153 464 2224 laborent
489 2155 630 2236 viveret,
657 2153 808 2224 habebat
833 2162 948 2225 satum
971 2177 1090 2237 unum,
1116 2155 1161 2224 ad
1186 2155 1279 2247 quod

142 2271 346 2342 servandum
362 2269 558 2340 autumnali
582 2278 751 2362 tempore,
777 2271 854 2341 vice
871 2266 1003 2353 mutui,
1029 2270 1194 2342 mittebat
1211 2271 1279 2341 dis-

142 2387 275 2478 cipulos,
295 2410 342 2458 ne
359 2408 515 2479 passeres
532 2408 577 2456 ex
594 2386 697 2456 solito
714 2395 871 2480 segetem
887 2386 1007 2456 hordei
1024 2393 1277 2457 consumerent.
1323 2479 1328 2488 Ι

140 2499 289 2574 Tandem
317 2503 363 2573 ad
386 2502 531 2573 fratrem
557 2501 762 2573 Samsonem
787 2503 947 2595 pervenit
972 2497 1208 2585 obedientia;³
1241 2510 1279 2572 et

139 2641 218 2688 cum
245 2615 384 2690 summi
412 2615 538 2689 latitia
565 2619 629 2688 ivit
657 2619 703 2688 ad
732 2619 935 2701 custodiam,
965 2618 1127 2688 inventos
1156 2639 1277 2688 omnes

139 2757 289 2826 passeres
313 2735 407 2808 albos
424 2734 632 2805 coadunavit
649 2734 816 2818 volatiles,
839 2734 938 2806 velut
958 2742 1168 2827 campestres
1185 2757 1276 2818 oves,

139 2859 175 2922 et
192 2851 290 2922 duxit
310 2853 352 2922 ad
369 2851 543 2934 horreum,
568 2850 684 2922 clauso
702 2853 810 2933 ostio;
835 2852 939 2922 rediit
955 2859 1033 2921 tum
1050 2851 1095 2921 ad
1111 2859 1276 2944 segetem,

137 2977 173 3039 et
188 2971 244 3050 ibi,
257 2969 357 3040 nullo
370 2978 448 3040 tum
465 2991 602 3061 passere
617 2977 791 3052 manente,
810 2967 1020 3038 obdormivit
1036 2989 1099 3060 per
1114 2968 1276 3061 spatium

137 3083 291 3156 Consocii
321 3087 492 3156 mirantes
522 3085 664 3177 quidem
693 3085 737 3154 de
766 3079 868 3156 tantd
897 3081 1073 3155 Samsonis
1101 3079 1209 3166 mord,
1239 3091 1277 3154 et

137 3197 290 3272 taudem‘
306 3203 399 3273 tacti
420 3202 571 3293 quadam
592 3197 733 3283 invidit,
751 3201 924 3283 dixemnt,
948 3197 1112 3270 “Eamus
1128 3207 1165 3268 et
1182 3199 1277 3268 vide-

137 3328 268 3402 “arnns
295 3316 514 3390 nescientes⁶
531 3316 613 3410 quid
637 3312 758 3388 faciet⁶
774 3316 933 3388 amabilis
958 3315 1072 3408 puer,'’
1098 3323 1136 3385 et
1157 3315 1276 3385 inven-

29 3431 30 3522 ἕ
137 3441 207 3505 tum
222 3435 326 3506 illum
346 3435 385 3504 in
398 3457 529 3518 somno,
548 3432 656 3504 laetati
673 3433 850 3504 redierunt
866 3433 911 3503 ad
927 3432 1152 3525 magistrum3
1178 3437 1215 3500 et
1232 3431 1276 3500 si-

29 3533 31 3626 l
134 3551 202 3620 mul
226 3575 310 3622 cum
338 3551 508 3645 magistro
525 3550 703 3620 redierunt
728 3550 773 3621 ad
796 3571 954 3642 puerum,
981 3555 1018 3618 et
1043 3547 1207 3617 dixerunt
1231 3545 1276 3616 ad

29 3651 30 3704 ³
133 3665 235 3751 illum,
263 3680 284 3709 “
296 3667 423 3753 Quem
439 3666 553 3761 diligis
570 3667 766 3736 invenimus
787 3664 1053 3746 somnolentum,
1075 3662 1276 3734 inobedien-

29 3777 30 3780 '
135 3779 256 3868 “tem‚⁷
281 3793 322 3856 et
353 3782 521 3876 pigrum.'’
571 3781 822 3853 Pervenientes
841 3782 885 3852 ad
905 3781 1004 3851 illum
1024 3780 1274 3862 excitavenmt

133 3900 292 3983 dicentes,
322 3909 348 3940 ‘⁶
358 3897 470 3969 Puer!
496 3900 653 3991 nunquid
679 3899 856 3969 dormiunt
876 3919 1039 3991 passeres,
1065 3895 1197 3966 inimici
1221 3897 1275 3968 tui

29 4081 30 4086 ,
133 4023 195 4087 “et
225 4015 367 4088 nostri?
425 4013 596 4108 Nunquid
629 4012 739 4086 fundi
771 4013 834 4084 tud
867 4036 987 4084 omnes
1019 4011 1274 4082 interemistil''
1327 4041 1328 4046 ¹

132 4131 196 4215 Qui
212 4129 384 4204 tandem8
400 4129 547 4204 discrete
564 4141 601 4203 et
618 4133 691 4202 sine
708 4131 824 4224 aliquo
841 4130 984 4213 fervore,
1002 4129 1101 4211 dixit,
1120 4127 1274 4198 “Inveni

131 4257 354 4320 “vastatores
370 4250 410 4318 in
426 4256 555 4342 segete,
573 4257 610 4319 et
628 4247 833 4344 (auxiliante
846 4246 940 4336 Deo)
957 4269 1094 4316 reservo
1108 4267 1167 4316 eos
1180 4267 1274 4314 com·

131 4368 312 4438 “munitet
339 4366 444 4436 nobis
466 4373 503 4435 et
526 4365 625 4436 vobis
649 4366 686 4435 in
710 4386 868 4448 carcere3
893 4362 949 4434 et”
974 4362 1033 4444 ait,
1061 4361 1274 4432 “reservatis

160 4606 393 4663 mamaeae.
406 4602 442 4658 0.
479 4603 905 4660 ¹v01rareevueuraeeae.
918 4600 952 4655 B.
990 4598 1225 4666 ’Idestotdvn
1239 4593 1274 4650 Β·

130 4693 248 4749 ‘Tam
271 4693 308 4749 0.
360 4689 428 4746 ’Sic
445 4689 480 4744 B.
502 4693 666 4746 Narratur.
689 4689 726 4744 H.
745 4693 894 4746 sedenter.
919 4686 953 4742 Ο.
1000 4684 1103 4739 ‘Forte
1116 4683 1213 4749 saciot.
1239 4679 1274 4735 B.

29 4799 31 4862 ζ
128 4781 344 4850 Umbellam,
364 4779 449 4834 dees.
467 4777 501 4834 Ο.
539 4781 664 4836 ‘Tamn-
683 4779 717 4834 Ο.

29 4865 31 4956 l

695 4890 717 4940 G
