3316 5796
523 831 631 882 risen
655 833 916 884 raunavrusrs
1220 817 1288 886 101

137 1009 292 1071 tremum
311 1008 437 1070 tamen
454 997 624 1068 donorum
640 1000 786 1070 accessit
808 999 1022 1092 cymbalum¹
1045 1005 1156 1097 magis
1178 1005 1288 1076 famo-

140 1141 221 1188 sum
237 1140 339 1209 quam
356 1117 404 1188 sit
421 1137 605 1207 magnum3
629 1116 741 1209 magis
756 1117 957 1209 pretiosum
969 1141 1074 1210 quam
1091 1119 1285 1212 pulchrum,

144 1235 227 1328 quia
239 1234 331 1305 dulei
342 1255 430 1304 sono
445 1232 584 1302 ridetur
595 1233 769 1304 excellere
786 1257 890 1304 omne
907 1257 1090 1330 organum3
1115 1236 1288 1330 perjuros²

143 1347 308 1434 damnat,8
328 1349 489 1420 infirmos
510 1357 617 1431 curat
641 1357 679 1420 et
701 1351 809 1442 (quod
829 1353 941 1445 magis
958 1353 1097 1422 videtur
1111 1353 1285 1444 mirabile)

141 1467 285 1562 singuiis
307 1467 412 1548 horis,
435 1462 550 1536 nullo⁴
565 1474 740 1549 movente,
758 1468 912 1550 sonabat,
931 1469 1041 1540 donee
1062 1477 1208 1562 peccato
1225 1470 1287 1542 ho-

141 1587 276 1655 minum
290 1583 537 1677 prepediente,
548 1583 608 1674 qui
620 1582 709 1653 illud
725 1584 868 1676 pollutis
879 1587 1040 1657 manibus
1052 1585 1185 1657 temere
1197 1597 1288 1658 troo-

141 1703 275 1784 tabant,
293 1725 316 1772 a
332 1709 407 1771 tam
424 1698 519 1770 dulci
531 1700 698 1792 obsequio
712 1701 869 1772 cessarit.
921 1701 1001 1773 Nec
1018 1701 1207 1797 incongrue
1224 1703 1286 1774 tali

139 1841 286 1889 munere
299 1818 450 1888 donatus
462 1816 621 1908 estquis
637 1815 745 1888 siout⁶
758 1818 955 1910 cymbalum
968 1820 1013 1890 de
1025 1817 1184 1912 corporc⁶
1196 1842 1287 1890 som-

17 1949 18 1952 ’
139 1931 205 2006 nii⁷
217 1943 256 2006 et
272 1935 408 2005 inertiae
420 1933 580 2004 homines
596 1935 723 2005 invitat
740 1936 784 2005 ad
797 1935 989 2019 ecelesiam,
1007 1939 1057 2007 sic
1073 1936 1185 2006 clarus
1201 1959 1287 2030 pon-

140 2052 231 2123 tifex
251 2051 403 2134 Telians,
422 2049 553 2121 Christi
569 2073 682 2143 praeco
695 2051 819 2136 factus,
836 2055 1048 2124 incessanter
1058 2055 1286 2146 praedicando,

138 2167 518 2240 inritabatadooelum
570 2166 639 2239 His
650 2167 808 2262 gloriosis
820 2168 939 2241 donati
952 2171 1162 2253 muneribus,
1176 2171 1286 2242 utrin-

142 2309 214 2378 que
229 2286 474 2356 benedictione
491 2293 645 2378 accepta,
663 2308 744 2356 cunr
761 2307 898 2358 summa
914 2289 1143 2380 prosperitate
1159 2289 1286 2360 reversi

143 2403 285 2474 suntin
299 2403 475 2496 regionem
493 2423 606 2484 suam;
632 2400 852 2496 Sanctusque
868 2402 1007 2474 Teliaus
1023 2404 1176 2475 eoelesiae
1194 2403 1287 2475 Lan-

142 2519 267 2601 daviae,
285 2520 340 2589 cui
356 2527 575 2590 consecratus
592 2527 655 2601 est,
673 2541 792 2590 curam
811 2519 1021 2613 pastoralem
1041 2522 1186 2613 accepit,
1204 2543 1284 2590 oum

141 2643 222 2706 tota
243 2635 405 2728 parochia
426 2635 492 2706 sibi
515 2635 705 2727 adjacente,
729 2659 807 2728 quae
823 2637 937 2708 fuerat
954 2634 1113 2707 Dubrioii
1131 2643 1286 2708 anteces-

140 2754 227 2824 soris
243 2753 311 2836 sui;
338 2754 462 2845 inqua
478 2774 549 2822 non
570 2753 631 2822 diu
651 2755 857 2824 commorari
878 2753 995 2847 potuit
1016 2761 1158 2846 propter
1179 2755 1285 2846 pesti-

138 2869 296 2952 lentiam,
313 2893 392 2962 quae
409 2869 483 2940 fere
500 2877 612 2940 totam
629 2878 772 2964 gentem
785 2871 971 2942 deleverat.
1022 2867 1154 2942 Pestis⁸
1166 2879 1285 2942 autem

138 2985 200 3057 ilia
207 2985 305 3079 stood
321 2987 520 3069 vocabatur,
534 3009 577 3056 eo
589 2988 682 3078 qnod
700 2986 816 3071 flavos,
833 2996 872 3058 et
887 2985 1096 3083 exsangues⁹
1113 2987 1286 3058 efficiebat

138 3103 318 3174 universos
336 3125 422 3194 quoe
438 3103 722 3196 persequebatur:
744 3127 820 3196 quoe
836 3105 874 3174 in
891 3104 1053 3176 columna
1068 3127 1205 3196 aquosae
1222 3127 1286 3174 nu·

139 3220 194 3290 bis
217 3219 408 3312 apparebat
430 3219 636 3302 hominibus,
660 3243 770 3290 unum
788 3229 894 3314 caput
910 3244 1048 3292 verrens
1067 3245 1129 3315 per
1145 3229 1284 3304 terram,

137 3336 236 3407 aliud
259 3333 426 3406 unsum¹⁰
445 3336 586 3408 trahens
604 3359 668 3430 per
683 3359 810 3421 aerem,
827 3346 865 3408 et
882 3339 1075 3410 discurrens
1094 3361 1157 3431 per
1172 3347 1285 3407 totam

139 3453 331 3547 regionem,
348 3453 393 3523 ad
410 3453 555 3524 modum
574 3451 722 3524 imbris¹¹
739 3454 962 3525 discurrentis
981 3479 1045 3548 per
1060 3455 1131 3524 ima
1147 3452 1286 3524 conval-

139 3568 239 3640 lium.
291 3568 517 3662 Quaecunque
539 3577 659 3642 autem
681 3572 873 3643 animantia
894 3594 957 3642 suo
979 3569 1144 3664 pestifero
1165 3567 1285 3639 afflatu

138 3687 342 3779 attingeret,
365 3693 427 3756 eut
447 3683 543 3758 illied
559 3689 805 3772 moriebantur,
823 3697 885 3760 aut
904 3687 1118 3781 aegrotabant
1139 3687 1177 3755 in
1193 3707 1284 3755 mor·

140 3811 229 3872 tem.
281 3801 399 3895 Siquis
415 3825 498 3874 vero
513 3805 688 3876 medelam
711 3815 895 3877 conaretur
910 3804 1075 3876 adhibere
1092 3803 1283 3897 aegrotanti,

139 3941 215 3989 non
230 3927 370 3990 tantum
386 3920 617 3993 medicamina
632 3945 703 3992 non
719 3921 895 3994 habebant
911 3943 1013 3993 suum
1030 3919 1204 4001 effectum,
1221 3919 1283 3989 sed

139 4037 251 4107 etiam
273 4037 508 4108 medicantem
525 4060 605 4108 oum
626 4046 756 4132 aegroto
773 4048 848 4110 atra
863 4039 940 4110 lues
955 4038 1116 4110 trahebat
1132 4037 1178 4108 ad
1194 4036 1284 4106 inte-

139 4153 261 4221 ritum.
311 4151 433 4223 Traxit
449 4155 544 4224 enim
561 4152 781 4226 Maileonum
797 4179 917 4249 regem
931 4153 1173 4238 Guenedooiae,
1189 4152 1284 4224 dele-

140 4269 192 4339 rit
208 4276 249 4376 et
265 4269 414 4360 patriam
430 4293 544 4354 suam3
569 4279 606 4342 et
626 4273 663 4341 in
679 4279 817 4342 tantum
835 4272 1014 4343 incanduit
1033 4271 1198 4365 praedicta
1214 4268 1284 4340 cla-

175 4537 400 4608 monterone.
435 4539 599 4596 ’Peroiroa
619 4541 652 4597 0.
687 4541 942 4611 tsioouompmt.
962 4541 999 4598 Η.
1034 4543 1125 4598 *Noa
1144 4543 1178 4598 0.
1212 4543 1284 4597 ⁶850.

142 4623 174 4679 0.
212 4625 364 4695 ⁶Tempore.
383 4625 417 4682 0.
461 4626 649 4684 ⁷Autflomot.
668 4628 702 4684 E.
720 4632 844 4698 Soospot't.
864 4629 903 4686 H.
945 4629 1036 4685 ⁸Tota
1047 4628 1188 4700 descriptio
1200 4627 1284 4698 hujus

144 4709 228 4766 Pestis
242 4719 338 4785 posteo
353 4713 490 4785 repetitur
505 4715 533 4768 in
549 4715 615 4770 viu
630 4716 722 4771 Sancti
737 4717 865 4772 Oudooei.
908 4717 973 4771 ⁹Sio
989 4714 1022 4770 Β.
1041 4719 1189 4784 mogum.
1204 4715 1283 4770 MSS.

141 4794 338 4857 flammo.
372 4799 504 4855 ¹¹Pontos
515 4805 605 4857 mmm.
624 4801 657 4858 B.
