3316 5796
373 819 444 889 112
744 839 851 889 urana
876 837 1132 890 cannavaasra.

369 1005 480 1076 clesiae
508 1003 627 1074 Sancti
654 1000 797 1085 Teliaui,
825 1025 906 1072 cum
932 1001 1102 1074 mercato¹
1129 1011 1167 1073 et
1188 1013 1332 1076 moneta
1353 1007 1390 1076 in
1414 1007 1506 1078 Lan-

369 1123 484 1205 davia3
510 1143 591 1190 cum
611 1119 843 1212 applicatione
865 1119 1006 1190 navium
1026 1119 1157 1211 ubique
1176 1144 1239 1213 per
1256 1130 1364 1194 terras
1384 1123 1504 1196 Sancti

366 1236 508 1320 Teliaui,
526 1237 635 1308 libera
655 1259 718 1328 pro
741 1236 879 1330 regibus
901 1244 938 1306 et
961 1235 1129 1319 omnibus,
1153 1238 1218 1308 nisi
1241 1239 1395 1310 ecclesiae
1413 1239 1506 1312 Lan-

368 1357 485 1438 daviae,
513 1362 550 1425 ct
578 1352 746 1446 episcopis
775 1353 863 1444 ejus3
894 1352 939 1422 de
968 1352 1159 1444 opprobrio,
1190 1361 1227 1424 et
1255 1355 1349 1425 omni
1379 1358 1506 1450 injuria

366 1472 459 1566 quod
481 1471 560 1542 Rex
582 1469 798 1540 Morcanhuc
823 1463 860 1538 et
884 1468 937 1538 sui
961 1467 1120 1539 homines
1145 1465 1305 1540 fecerint²
1330 1470 1506 1566 Episcopo

367 1588 488 1660 Sancti
504 1585 647 1668 Teliaui,
673 1593 710 1657 et
734 1587 804 1656 suis
828 1584 1035 1668 hominibus,
1061 1585 1155 1656 idem
1181 1585 1260 1658 Rex
1286 1585 1505 1661 Morcanhuc

366 1715 403 1778 et
420 1707 473 1776 sui
489 1704 646 1774 homines
662 1710 797 1772 rectum
821 1701 950 1772 faciant
967 1699 1140 1794 Episcopo
1157 1711 1194 1772 et
1210 1704 1280 1774 suis
1295 1703 1503 1792 hominibus,

365 1831 403 1894 et
417 1822 590 1915 judicium
606 1819 782 1912 patiantur
799 1818 836 1887 in
853 1817 948 1888 curia
965 1816 1159 1888 Laudaviae.
1211 1818 1336 1892 Omnis
1351 1821 1410 1892 lex
1427 1847 1504 1916 quae

364 1939 469 2010 fuerit
489 1933 621 2031 regali,a
643 1935 755 2006 omnis
777 1935 884 2005 etiam
909 1934 1002 2005 etin
1023 1935 1119 2004 curia
1142 1933 1294 2027 plenarie
1319 1938 1502 2032 episcopali

367 2053 594 2124 Laudavensi.

415 2169 595 2242 Statutum
613 2177 667 2239 est
683 2169 776 2240 enim
799 2165 989 2262 apostolici
1011 2170 1217 2240 auctoritate
1234 2171 1333 2241 istius
1349 2171 1501 2243 ecclesia

363 2285 592 2382 privilegium,
605 2294 647 2356 ut
663 2307 743 2354 cum
761 2307 823 2356 sua
835 2285 1005 2380 dignitate
1021 2285 1066 2354 ab
1083 2286 1177 2355 omni
1194 2285 1354 2358 secularis
1371 2289 1503 2359 servitii

362 2403 561 2499 gravamine
574 2402 682 2473 libera
693 2402 729 2471 in
746 2410 923 2496 postemm
939 2409 1088 2485 maneat,
1102 2409 1139 2472 et
1152 2403 1279 2494 quieta.
1332 2403 1504 2488 Quaecun-

364 2545 432 2613 que
445 2543 534 2602 vero,
548 2519 767 2590 concessione
777 2519 990 2611 pontificum,
1002 2517 1210 2589 liberalitate
1222 2521 1426 2613 principum,
1441 2520 1504 2592 ob-

362 2635 492 2707 latione
512 2635 677 2718 fidclium,
699 2633 755 2705 vel
771 2633 847 2704 aliis
865 2635 969 2726 justis
986 2635 1097 2705 modis
1114 2632 1246 2706 eidem⁴
1270 2637 1502 2728 pertinebant,

361 2751 523 2824 ei⁵fi1ma
535 2755 573 2822 in
585 2759 762 2846 posterum
775 2758 812 2821 et
824 2751 958 2844 integra
970 2759 1225 2822 conserventur.
1277 2752 1503 2846 Quaecunque

361 2877 527 2964 praterea
545 2871 581 2938 in
602 2869 759 2938 futurum
778 2866 960 2963 (largiente
978 2865 1070 2956 Deo)
1091 2865 1196 2959 juste,
1214 2876 1320 2960 atque
1337 2869 1503 2941 canonice

360 2987 491 3080 poterit
513 2985 665 3078 adipisci,
688 2985 806 3077 quieta
826 2984 858 3055 ei
879 3006 1025 3076 semper,
1048 2991 1086 3054 et
1107 2982 1242 3054 illibata
1263 2995 1499 3078 permaneant

361 3101 553 3173 Decretum
582 3123 732 3192 namque
757 3108 819 3183 est,
844 3108 886 3169 ut
912 3099 998 3169 nulli
1023 3095 1166 3170 omnino
1189 3100 1371 3170 hominum
1396 3101 1502 3174 liceat

359 3218 559 3312 predictam
582 3215 762 3288 ecclesiam
788 3214 920 3287 temere
945 3217 1156 3310 perturbare,
1183 3226 1244 3287 aut
1269 3217 1343 3309 ejus
1367 3241 1502 3311 posses-

361 3336 473 3406 siones
490 3335 634 3417 auferre,
652 3331 708 3405 vel
725 3331 856 3404 ablatas
872 3334 1031 3416 retinere,
1049 3333 1216 3417 minuere,
1234 3333 1289 3404 vel
1307 3336 1501 3406 temerariis

360 3451 601 3522 vexationibus
626 3450 785 3545 fatigare3
812 3458 850 3520 et
875 3451 991 3521 omnia
1015 3450 1047 3521 ei
1074 3473 1154 3519 cum
1179 3450 1349 3543 parochiae
1373 3451 1502 3523 finibus

358 3577 614 3639 conserventur.
666 3567 775 3660 Siqua
791 3567 897 3660 igitur
913 3567 949 3635 in
972 3565 1129 3636 futurum
1146 3566 1379 3637 ecclesiastica
1395 3590 1503 3638 saecu-

358 3683 482 3756 larisve
503 3707 649 3778 persona
669 3692 790 3754 contra
812 3683 901 3753 hanc
923 3681 1055 3754 temere
1076 3683 1194 3753 venire
1215 3681 1426 3766 tentaverit,⁶
1446 3707 1501 3756 se-

359 3802 482 3884 cundo,
507 3802 656 3872 tertiove
678 3801 898 3884 commonita,
924 3801 953 3870 si
977 3823 1048 3868 non
1072 3799 1306 3870 satisfactione
1330 3799 1503 3894 congma'

357 3917 602 3999 emendaverit,
620 3917 802 4009 potestatis
822 3916 1030 4009 honorisque
1048 3915 1101 3986 sui
1116 3915 1286 4010 dignitate
1303 3925 1428 3999 careat,
1442 3941 1498 3988 ra-

357 4055 484 4124 amque
505 4055 542 4102 se
565 4032 682 4100 divino
697 4032 832 4123 judicio
855 4033 1005 4103 existere
1027 4032 1071 4102 de
1093 4039 1292 4124 perpetrata
1313 4031 1498 4123 iniquitate

358 4156 554 4242 cognoscat,
581 4155 617 4217 et
638 4171 659 4217 a
679 4147 907 4218 sacratissimo
927 4145 1079 4242 corpore,
1105 4170 1146 4217 ac
1167 4147 1332 4242 sanguine
1354 4145 1431 4229 Dei,
1457 4156 1497 4217 et
1561 4132 1564 4136 ’

357 4262 501 4334 Domini
513 4260 772 4356 Redemptoris⁸
783 4265 890 4333 nostri
898 4262 923 4334 J
925 4288 986 4336 esu
995 4263 1126 4335 Christi
1140 4262 1252 4333 aliena
1261 4264 1333 4346 fiat,
1343 4271 1448 4355 atque
1459 4263 1497 4333 in

356 4390 515 4452 extremo
526 4381 686 4451 examine
697 4381 860 4452 districta
870 4379 995 4451 ultioni
1006 4381 1192 4473 subjaccat.
1224 4378 1368 4450 Cunctis
1378 4387 1499 4450 autem
1555 4458 1565 4468 ‚

392 4722 601 4782 'Promarccta
615 4723 648 4778 E.
678 4723 743 4778 ²sic
755 4723 789 4778 B.
801 4729 937 4781 Fecerunt.
949 4723 1028 4780 MSS.
1066 4723 1180 4792 ibcpali.
1193 4724 1226 4778 0.
1262 4721 1499 4776 ‘Adeundem.0.

352 4811 423 4865 aaa.
442 4809 475 4865 0.
511 4811 576 4867 ⁶Sic
594 4811 627 4867 0.
648 4813 826 4879 Temptaocrit.
845 4811 883 4868 Η.
917 4811 982 4867 ⁷Sic
999 4811 1033 4866 Ο.
1053 4813 1164 4879 Genera.
1183 4810 1221 4865 H.
1255 4809 1442 4864 ‘Metam
1463 4809 1499 4863 0.
