3316 5796
512 841 617 890 arnna
642 841 903 895 naunavnrsrs
1231 833 1278 903 65

175 1007 436 1078 Inuocnrrrrus
451 1006 654 1100 Episcopus,
668 1031 786 1081 servus
803 1035 980 1084 servorum
994 1013 1074 1098 Dei,
1088 1019 1278 1090 venerabili

13 1118 15 1161 '¹
131 1124 232 1194 fratri
270 1121 405 1194 nostrol
433 1123 581 1195 Urbano
606 1123 826 1198 Laudavensi
857 1128 1040 1224 Episcopo,
1067 1133 1280 1205 salutemet

136 1240 358 1332 apostolicam
375 1241 671 1311 benedictionem.
723 1241 1030 1326 Quemadmodum
1050 1271 1113 1341 per
1129 1249 1198 1321 alia
1214 1252 1279 1322 tibi

137 1357 260 1449 scripta
274 1357 531 1439 mandavimus,
548 1359 598 1428 ita
614 1357 824 1431 fraternitati
840 1369 920 1446 tuae,
937 1359 1017 1434 &c'

137 1857 193 1928 Da
209 1881 323 1930 rnruo
341 1879 458 1930 sraru
477 1859 737 1931 Launavarrsrs
755 1861 952 1946 Eooansra,
974 1885 1019 1934 nr
1036 1887 1122 1936 vrrs
1139 1867 1280 1940 Aacnr-

521 1997 681 2048 srrscorr
699 1977 901 2050 Dosaron.8

183 2176 291 2248 Anno
308 2179 352 2248 ab
368 2178 609 2248 incarnatione
626 2176 771 2250 Domini
788 2181 907 2250 cnvd‘t
931 2179 1070 2267 Lucius,
1093 2183 1279 2258 Britanno-

16 2344 17 2350 .
137 2315 217 2362 rum
240 2293 330 2376 Rex,
354 2295 399 2365 ad
425 2293 671 2364 Eleutherium
697 2296 943 2366 duodecimum
968 2299 1166 2390 apostolicae
1190 2305 1281 2374 sedis

16 2399 17 2402 '
138 2406 285 2501 Papam,
301 2409 432 2504 legatos
449 2433 539 2493 suos,
556 2410 689 2482 scilicet
707 2410 894 2496 Eluanum,
908 2421 946 2484 at
963 2412 1200 2487 Meduuinum
1215 2421 1281 2489 mi-

139 2525 198 2606 sit,
219 2525 459 2619 implorantes⁴
473 2528 580 2620 juxta
595 2528 671 2620 ejus
687 2529 971 2614 admonitionem,
989 2528 1046 2601 ut⁵
1063 2530 1281 2606 Christianus

139 2640 251 2724 fieret,
267 2643 356 2734 quod
369 2644 413 2715 ab
425 2667 468 2715 eo
482 2642 707 2738 impetravit.⁰
758 2643 854 2716 Nam
867 2648 995 2740 gratias
1008 2671 1114 2741 agens
1127 2647 1205 2719 Deo
1218 2673 1281 2721 suo

137 2761 231 2850 quod
248 2760 308 2830 iila
323 2785 409 2855 gens
422 2759 515 2854 quae⁷
530 2786 553 2832 a
569 2763 681 2855 primo
697 2765 847 2856 regionis
864 2763 1059 2835 inhabitato
1072 2763 1185 2837 Bruto
1197 2791 1281 2861 gen·

136 2877 207 2948 tilis
224 2878 349 2962 fuerat,
367 2887 443 2949 tam
460 2879 622 2949 ardenter
638 2879 683 2950 ad
703 2879 809 2949 fidem
827 2878 958 2950 Christi
979 2881 1177 2966 festinabat,
1199 2908 1281 2956 con-

135 2995 211 3065 silio
223 2998 402 3066 seniorum
414 2996 511 3066 urbis
524 2995 655 3077 Romae,
666 2995 798 3087 placuit
809 2998 949 3067 eosdem
959 2997 1093 3092 legatos
1102 3001 1279 3093 baptizari,

137 3120 174 3181 et
189 3112 364 3183 catholica
376 3112 446 3183 fide
458 3120 628 3206 suscepta,
643 3113 802 3194 ordinari,
818 3112 994 3184 Eluanum
1006 3115 1043 3184 in
1057 3115 1279 3212 Episcopum,

10 3251 11 3270 ³
136 3227 376 3300 Meduuinum
389 3237 509 3300 autem
522 3231 560 3298 in
573 3228 775 3299 Doctorem.
826 3227 876 3298 Et
891 3239 1033 3324 propter
1045 3231 1281 3325 eloquentiam

134 3353 171 3415 et
187 3346 371 3415 scientiam
394 3369 499 3438 quam
516 3347 552 3414 in
570 3345 685 3416 Sacris
701 3344 877 3416 habebant
894 3345 1093 3441 Scripturis,
1116 3351 1279 3442 praedica·

138 3469 231 3532 tores
242 3463 289 3532 ad
303 3461 455 3532 Lucium
468 3463 505 3532 in
518 3461 736 3532 Britanniam
750 3463 876 3532 reversi
888 3471 984 3545 sunt;
1001 3487 1150 3554 quorum
1162 3475 1283 3537 sancta

137 3580 382 3669 pradicatione
407 3577 538 3650 Lucius
560 3586 596 3650 et
619 3581 728 3650 totius
751 3577 940 3650 Britannia
962 3582 1129 3672 primates
1152 3582 1281 3675 baptis·

138 3717 237 3764 mum
261 3705 500 3789 susceperunt,
531 3704 567 3766 et
592 3696 784 3766 secundum
803 3697 941 3789 jussum
965 3696 1061 3766 beati
1086 3694 1282 3770 Eleutherii

137 3809 254 3903 Papae,
272 3812 546 3883 ecclesiasticum
563 3813 722 3882 ordinem
740 3815 932 3896 constituit,
951 3814 1129 3906 episcopos
1146 3816 1282 3887 ordina·

139 3929 201 4010 vit,
229 3937 266 3999 et
287 3927 381 4000 bend
404 3930 545 4000 vivendi
569 3952 729 4000 normam
755 3929 883 4000 docuit.
935 3929 1052 4014 Quam
1078 3928 1282 4004 Christianae

173 4267 238 4324 ¹Sic
256 4267 290 4323 0.
308 4273 399 4322 nostro
416 4266 499 4321 deest.
518 4267 556 4324 H.
595 4269 659 4323 ²Ita
675 4267 791 4341 abrupti
809 4267 906 4324 desinit
924 4267 1064 4340 exemplar
1081 4267 1163 4324 MSS.
1179 4268 1286 4340 reliqua

141 4356 236 4426 pagina
252 4360 377 4409 vacante.
396 4353 429 4408 B.
468 4353 668 4410 ³Hiatoriolam
685 4355 795 4424 hanoea,
813 4371 877 4408 cum
894 4371 993 4408 norem
1010 4355 1185 4425 sequentibus
1202 4355 1284 4410 docu-

142 4442 246 4510 mentis,
265 4460 302 4496 ex
313 4439 484 4512 autographo
496 4441 586 4497 codice
597 4443 627 4496 in
639 4443 788 4498 Monastico
800 4459 849 4496 suo
861 4441 984 4512 vulgarit
996 4439 1147 4512 Dugdalus.
1182 4441 1285 4496 Whar·

142 4533 218 4583 tonus
235 4531 302 4584 item
321 4529 351 4582 in
362 4527 470 4599 Anglia
481 4527 564 4583 Sacra
581 4533 641 4599 sut,
660 4529 772 4584 eandem
789 4527 956 4584 historiolam
974 4546 989 4581 a
1006 4527 1095 4582 codice
1114 4527 1285 4599 Cottoniano,

142 4614 283 4689 Vespasian
295 4617 332 4672 A.
345 4615 406 4670 xiv.
420 4614 495 4686 typis
511 4617 627 4688 repetiit,
645 4617 772 4672 adhibitis
788 4615 869 4671 etiam
886 4614 1020 4685 excerptis
1036 4633 1050 4668 o
1067 4613 1148 4669 Libro
1165 4614 1285 4670 Landar.

142 4701 407 4778 cantabrigiensibus
424 4701 497 4755 inter
513 4702 573 4757 MS.
585 4703 713 4776 Archiep.
732 4702 855 4758 Parkeri.
874 4701 907 4758 B.
942 4701 1008 4756 ⁴Sic
1025 4701 1059 4756 Ο.
1077 4701 1228 4768 implorans.
1247 4701 1285 4756 Η.

139 4789 196 4847 ⁵sa
209 4791 388 4848 omem.
409 4786 449 4841 Η.
484 4787 631 4858 ⁶Impetvit.
650 4790 683 4846 0.
719 4787 967 4860 “Qrtoesuppletur.
986 4787 1020 4842 B.
