3348 5804
350 807 395 878 18
721 822 829 872 arnna
853 820 1112 872 nnunnvnusrs.

344 987 501 1074 taverat,¹
518 988 628 1060 altera
645 989 701 1059 die
717 988 830 1082 petiit.
882 985 1062 1081 Ingressus
1082 988 1201 1082 itaque
1223 995 1484 1076 monasterium,

344 1119 480 1203 patrem
497 1116 534 1179 et
550 1114 714 1200 patruum
735 1128 806 1198 prae
828 1105 960 1174 caeteris
977 1105 1183 1198 degentibus
1204 1107 1424 1182 laudabiliter
1444 1114 1485 1182 in

344 1226 604 1298 conversatione
619 1221 786 1315 proficere
802 1220 1015 1303 inveniebam
1037 1229 1074 1291 et
1091 1244 1137 1292 ex
1153 1221 1220 1294 hoo
1237 1223 1483 1320 Omnipotenti

343 1343 472 1437 gratias
495 1340 677 1411 referebat.
729 1335 879 1408 Sumena
904 1337 1022 1429 itaque
1046 1345 1209 1429 patruum
1227 1339 1480 1427 Umbrafelem

344 1455 610 1552 praesbyteratus
627 1453 740 1525 officio
758 1454 835 1545 jam
858 1452 1090 1546 perfunctum,
1117 1455 1161 1525 ad
1178 1461 1425 1530 monasterium
1443 1461 1483 1530 in

345 1573 518 1644 Hibernia
550 1571 731 1642 Abbetem
763 1570 873 1652 misit3
906 1569 944 1638 in
976 1591 1046 1662 quo
1078 1569 1245 1662 priorem8
1278 1596 1300 1644 a
1329 1571 1482 1646 Diabolo

344 1691 513 1760 liberavit.
564 1687 696 1758 Beatus
725 1709 807 1757 vero
837 1684 994 1766 Samson,
1028 1707 1110 1756 eum
1136 1685 1323 1772 Ammone,
1357 1697 1394 1762 et
1423 1714 1483 1761 su-

343 1807 500 1901 pradicto
512 1804 665 1886 Abbate,
679 1812 716 1875 et
728 1802 879 1896 quodam
892 1801 997 1872 fratre
1012 1802 1230 1896 praesbytero,
1248 1807 1484 1878 vastissimum

343 1925 525 1995 heremum
541 1922 641 2004 adiit3
666 1942 708 1990 ae
718 1919 824 2011 juxta
836 1917 1035 1988 Hebrinum
1052 1917 1182 1990 fiumen
1199 1923 1375 2016 tugurium
1388 1932 1425 1993 et
1441 1925 1482 1994 in

343 2062 387 2110 eo
399 2039 533 2110 fontem
546 2037 784 2108 dulcissimum
799 2035 949 2128 reperit,
967 2034 1085 2126 ibique
1098 2034 1239 2107 fratrem
1253 2061 1330 2108 cum
1344 2038 1482 2110 duobus

343 2156 445 2226 soeiis
477 2153 670 2224 eolloeavit.
746 2150 827 2245 lpse
859 2146 1017 2222 interius³
1045 2151 1226 2222 heremum
1259 2155 1482 2248 progrediens

343 2272 611 2342 secretissimum
627 2291 771 2362 specum
788 2267 930 2350 invenit,
949 2266 1145 2360 ostiumque
1158 2269 1232 2361 ejus
1248 2270 1293 2341 ad
1309 2272 1483 2344 orientem

344 2388 460 2471 situm,
486 2409 636 2478 eumque
656 2387 754 2478 quasi
777 2382 894 2456 aDeo
914 2391 1146 2476 praeparatum
1170 2386 1354 2470 adamavit,
1381 2397 1417 2458 et
1440 2389 1483 2461 in

343 2529 386 2576 eo
411 2505 517 2576 fontis
542 2497 680 2574 venam⁴
708 2501 868 2594 precibus
897 2501 1101 2592 promeruit;
1126 2502 1187 2572 ubi
1212 2502 1276 2574 soli
1302 2501 1380 2575 Deo
1406 2507 1485 2576 sine

343 2621 597 2693 intermissione
629 2619 784 2700 vacabat,
819 2617 987 2687 versutias
1020 2619 1186 2709 temporis
1218 2641 1289 2689 non
1318 2621 1479 2705 timebat,

342 2735 559 2834 angelorum⁵
575 2743 731 2807 assuetus
754 2732 936 2826 colloquio,
968 2755 1031 2825 per
1051 2755 1136 2824 quos
1156 2757 1193 2805 se
1213 2738 1485 2810 commendabat

343 2854 527 2927 Altissimo
542 2877 606 2947 per
621 2846 778 2922 eunotos⁶
794 2843 889 2920 vero⁷
902 2848 1153 2920 dominicarum
1170 2853 1252 2934 dies,
1270 2861 1341 2925 tres
1358 2855 1483 2927 fratres

343 2993 429 3065 quos
446 2970 608 3041 visitabat
632 2968 669 3038 in
693 2965 835 3038 heremo
852 2965 1044 3048 collocavit,
1071 2973 1108 3036 et
1129 2970 1409 3041 communionem
1433 2973 1483 3043 ab

343 3091 394 3162 eis
416 3085 618 3179 accipiebat.
669 3081 779 3154 Faeta
798 3084 917 3174 itaque
934 3080 1079 3166 sinodo,⁸
1094 3105 1135 3154 ae
1159 3084 1482 3178 percunctantibus⁹

344 3214 445 3276 terrae
460 3200 672 3296 principibus
689 3200 831 3270 ubinam
849 3197 999 3270 Sanetus
1016 3197 1162 3271 Samson
1180 3199 1363 3287 habitaret,
1380 3201 1484 3275 affixit

343 3322 485 3417 quidam
506 3319 565 3412 qui
591 3317 728 3388 dicebat
753 3339 791 3387 se
816 3316 902 3386 seire
927 3314 1128 3408 speluncam
1152 3318 1190 3386 in
1214 3339 1285 3410 qua
1300 3318 1483 3392 coelestem

343 3441 452 3509 vitam
476 3443 605 3531 ageret.
656 3433 788 3504 Missus
807 3433 927 3524 itaque
944 3453 1024 3501 eum
1041 3435 1174 3504 eaeteris
1197 3435 1408 3528 principibus
1432 3439 1483 3510 ad

342 3555 502 3628 sinodum
526 3549 747 3645 pertrahunt3
772 3549 930 3619 videntes
955 3571 1046 3631 eum,
1072 3551 1170 3642 quasi
1199 3550 1363 3644 angelum
1383 3555 1483 3624 exei-

340 3675 452 3767 piunt,
490 3666 740 3760 Abbatequem
776 3664 956 3736 nolentem
988 3666 1026 3735 in
1058 3668 1267 3737 monasterio
1296 3692 1318 3738 a
1347 3668 1482 3742 Sancto

342 3788 519 3860 Germano
532 3792 730 3855 constructo
743 3777 997 3852 constituunt¹⁰
1047 3781 1090 3852 In
1104 3783 1227 3854 eodem
1244 3784 1362 3877 itaque
1378 3808 1484 3857 mon-

341 3905 466 3976 asterio
490 3925 553 3994 pro
577 3901 771 3972 reverentia
795 3896 981 3981 hebebant,
1006 3898 1044 3968 id
1068 3907 1122 3970 est
1147 3900 1184 3970 in
1200 3899 1366 3974 cathedre
1380 3902 1482 3975 beati

342 4019 440 4092 Petri
450 4016 596 4110 apostoli
607 4015 833 4086 consedentes
844 4013 1034 4108 Episcopos
1046 4039 1128 4087 oum
1140 4027 1387 4103 convenerant3
1406 4019 1485 4092 fae-

340 4145 419 4208 tum
440 4141 494 4205 est
514 4131 654 4203 annuali
671 4131 760 4202 festo
782 4133 1080 4224 appropinquante
1101 4131 1333 4227 Episcopiqne
1355 4159 1486 4206 oonsu-

340 4263 439 4326 etum
455 4255 656 4344 expectaret
673 4253 883 4318 conventum
889 4243 922 4318 :¹¹
936 4249 1088 4341 quadam
1104 4258 1207 4321 noete
1224 4251 1312 4322 vidit
1327 4250 1485 4327 Sanetus

378 4527 545 4582 ¹Habiuunt.
570 4525 603 4580 0.
638 4519 766 4577 'Scilicet
779 4524 893 4592 fieren
910 4521 1055 4578 Abbatem.
1073 4523 1107 4578 Β.
1142 4526 1275 4580 'linerau
1295 4525 1328 4580 0.
1362 4523 1428 4580 ⁴Sic
1441 4525 1484 4584 Ο.

339 4617 446 4670 oeniem.
464 4613 503 4668 H.
538 4611 711 4680 ‘Asperum
730 4607 763 4662 Ο.
799 4607 965 4680 ‘Fortepro
983 4617 1101 4667 ennecus.
1120 4609 1154 4666 B.
1188 4615 1314 4667 ⁷Autem.
1333 4612 1366 4667 0.
1401 4611 1484 4685 ⁸810,

338 4699 609 4775 prosynodopassim.
622 4696 656 4751 B.
691 4697 935 4752 ’Peroontontibua
949 4697 982 4752 Ο.
1021 4698 1038 4730 ¹⁰
1047 4701 1255 4754 Oomtitumrat.
1267 4699 1302 4754 0.
1336 4697 1487 4757 ”Videtur

338 4785 557 4856 hioessenliquis
568 4783 696 4852 deiectus,
714 4785 762 4836 aut
773 4783 918 4854 corruptio.
937 4783 970 4839 E.
1411 4773 1414 4779 ’
