3348 5804
522 861 629 912 nmen
654 859 915 911 ninnivensis.
1242 837 1287 906 21

141 1049 250 1098 unum
271 1037 307 1098 et
327 1051 453 1099 verum
474 1026 601 1110 Deum,
628 1028 687 1119 qui
712 1029 750 1098 in
768 1025 865 1098 coelis
886 1035 949 1108 cst,
975 1025 1167 1096 adorarent.
1220 1024 1287 1095 Cui

141 1145 269 1215 Comes
284 1165 404 1215 eorum
422 1143 606 1216 Gediunus
621 1144 810 1236 respondit,
838 1143 983 1214 “Deum
1000 1163 1105 1233 quem
1122 1140 1287 1233 predicu-

58 1297 61 1308 ·
143 1262 452 1355 “tiqignovimum
480 1263 563 1332 deos
576 1283 667 1343 vero,
682 1253 1285 1353 qnoscolueruutpnrentes¹nostri

142 1377 235 1449 “hos
246 1378 463 1450 adoremus”
514 1376 611 1448 Dum
627 1376 703 1446 haec
715 1376 924 1469 loqueretur,
938 1398 1026 1467 puer
1041 1374 1181 1466 quidam
1195 1396 1286 1466 equo

140 1496 309 1579 iusedens,
327 1503 366 1566 et
382 1496 478 1566 circu
493 1493 626 1564 idolum
647 1515 798 1575 currens,
820 1492 866 1563 ed
886 1499 1015 1562 terrum
1036 1491 1174 1572 corruit,
1197 1489 1285 1561 frac-

139 1618 244 1706 toque
270 1612 374 1696 collo,
400 1618 560 1682 mortuus
578 1611 703 1703 jacuit.
754 1606 937 1680 Flentibus
961 1607 1105 1688 cunctis,
1136 1604 1286 1676 Sanctus

141 1726 287 1800 Sumson
301 1728 394 1798 dixit
405 1729 467 1810 eis,
487 1725 618 1798 “Ecce!
635 1727 783 1818 potestis
796 1726 915 1795 videre
927 1723 1020 1816 quod
1038 1721 1285 1793 simulachrum

142 1854 326 1916 “vestrum
339 1867 411 1915 non
428 1851 546 1937 potest
561 1843 644 1914 huic
656 1849 795 1913 mortuo
809 1843 918 1912 vitem
929 1840 1084 1910 reddere.
1136 1837 1175 1909 Si
1188 1839 1286 1909 volu·

143 1963 266 2032 “eritis
283 1961 380 2032 idola
396 1968 513 2031 vestro
529 1960 717 2042 destruere,
736 1969 774 2030 et
790 1957 908 2028 Deum
924 1979 1044 2027 meum
1061 1957 1211 2038 credere,
1232 1958 1286 2026 in-

143 2086 297 2148 “voceto
318 2079 462 2148 nomine
479 2076 634 2159 Domini,
657 2075 784 2146 faciam
804 2082 983 2145 mortuum
999 2081 1153 2144 vestrum
1174 2095 1286 2142 resur-
1347 2157 1352 2167 .

143 2202 163 2233 ‘⁶
172 2193 284 2286 gere.”
336 2193 413 2263 Illis
430 2191 531 2264 vero’
547 2192 855 2285 acquiescentibus,
871 2189 1022 2261 Sanetus
1038 2187 1195 2272 Samson,
1207 2212 1286 2282 pro·

144 2311 228 2380 fusis
240 2312 285 2382 ub
298 2333 340 2381 eo
350 2311 522 2404 precibus,
536 2319 715 2380 mortuum
723 2288 808 2380 ‘vitae
821 2308 973 2379 reddidit
984 2307 1101 2400 pulum
1114 2307 1284 2377 omnibus

147 2423 260 2518 Super
273 2427 340 2497 hoc
355 2427 444 2496 mira
461 2433 499 2498 et
515 2427 672 2497 inaudito
687 2421 846 2497 attoniti³
863 2425 1004 2506 visione,
1026 2445 1146 2493 omnes
1162 2423 1286 2492 unani-

29 2633 30 2636 *
145 2563 222 2612 mes
241 2542 335 2613 idolo
352 2544 570 2614 destruentes
589 2543 758 2636 baptizati
779 2549 870 2624 sunt,
892 2542 930 2611 in
945 2538 970 2610 J
972 2561 1069 2610 esum
1086 2538 1198 2609 filium
1215 2538 1285 2610 Dei

29 2713 30 2716 ,
143 2659 335 2730 eredentes
384 2659 429 2730 In
455 2659 578 2730 endem
603 2683 754 2751 namquo
778 2655 957 2752 provincii
981 2677 1121 2747 serpens
1143 2654 1284 2747 quidum

143 2775 238 2846 mirae
253 2775 505 2871 magnitudinis
521 2785 605 2859 erut,
631 2777 693 2868 qui
709 2774 887 2846 mortifero
904 2797 967 2844 suo
984 2772 1071 2843 fletu
1090 2771 1181 2864 pene
1197 2772 1284 2844 duos

142 2913 247 2986 pagos
267 2892 460 2964 deleverat.
512 2891 592 2977 Quo
614 2899 802 2985 comperto,
821 2889 971 2962 Sanctus
988 2887 1120 2973 Simon,
1138 2890 1284 2961 miseriae

141 3007 321 3079 hominum
335 3008 535 3092 condolens,
549 3030 696 3101 puerum
713 3030 825 3100 nuper
839 3009 1084 3078 resuscitatum
1097 3029 1215 3077 secum
1231 3029 1284 3077 us·

140 3147 286 3208 sumens,
305 3135 346 3197 et
362 3125 440 3219 jem
455 3125 669 3218 procedente
684 3147 765 3196 cum
782 3117 842 3196 eo⁴
859 3123 1019 3196 Gedinno
1036 3122 1184 3207 Gemite,
1203 3146 1285 3194 oum

141 3243 297 3314 universo
319 3243 464 3336 populo,
490 3243 549 3313 ubi
572 3250 769 3336 serpentem
790 3243 828 3313 iu
844 3247 944 3312 ontio
961 3241 1100 3311 latitare
1117 3247 1285 3311 noverant

141 3361 301 3451 perrexit.
358 3359 505 3430 Postera
525 3382 676 3452 nemque
697 3359 764 3442 die,
789 3357 1014 3428 iliuoesoonte
1035 3355 1117 3439 sole,
1146 3363 1285 3426 antrum

29 3485 30 3500 ,
142 3475 198 3546 ubi
214 3498 363 3571 serpens
378 3476 492 3547 inerat
511 3475 605 3547 ultre
624 3475 800 3569 quoddam
821 3473 953 3545 flumen
969 3473 1141 3554 videnmt,
1167 3471 1285 3562 ibique

141 3589 289 3664 Sanctus
308 3591 463 3663 Samson
480 3592 657 3664 Comitem
678 3615 760 3662 curn
780 3591 909 3685 populo
931 3589 1072 3670 dimisit,
1097 3589 1182 3680 ipse,
1204 3610 1286 3657 cnm

142 3731 243 3800 puero
256 3732 377 3805 nuper
393 3710 568 3792 suscitato,
582 3709 676 3779 ultre
691 3708 823 3779 flumen
839 3707 1016 3801 processit.
1070 3703 1230 3796 Cumque
1242 3705 1286 3776 od

142 3825 282 3898 ostium⁵
307 3827 405 3898 antri
431 3827 638 3920 perveniret,
662 3825 799 3896 onrinds
825 3845 973 3918 puerum
1000 3829 1091 3892 sture
1112 3823 1286 3914 proecepit.

143 3940 205 4014 Ille
226 3968 324 4028 vero,
352 3945 449 4038 signo
472 3951 601 4014 sunctae
624 3944 734 4014 crucis
756 3942 921 4023 munitus,
948 3937 1132 4009 confestim
1148 3946 1288 4008 antrum

141 4059 290 4144 intravit,
315 4067 427 4151 utque
443 4067 642 4153 serpentem
658 4059 751 4130 lineo
767 4057 880 4129 zonoe⁶
896 4052 966 4150 qud
982 4062 1057 4126 erut
1073 4055 1287 4147 precinctus,

142 4176 229 4246 cirea
245 4177 385 4248 collum
405 4175 543 4271 ligavit3
569 4175 710 4247 trahens
726 4197 808 4246 enm
825 4175 916 4245 forus
933 4172 976 4242 de
999 4170 1148 4262 quodum
1167 4170 1289 4264 grandi

142 4291 329 4364 altitudine
346 4294 588 4386 precipitavit,
614 4292 815 4386 praecipieus
837 4293 879 4374 ei,
906 4291 943 4360 in
964 4288 1105 4357 nomine
1121 4281 1290 4369 Domini‚⁷

144 4429 184 4478 ne
200 4409 357 4503 amplius
375 4411 518 4481 viveret.
570 4409 664 4480 Puer
680 4406 780 4480 vero⁸
796 4405 995 4494 recucurrit,
1017 4411 1054 4473 et
1071 4402 1202 4474 Comiti
1220 4402 1292 4475 Ge·

29 4587 30 4592 ,
145 4523 242 4596 dinuo
255 4521 649 4620 totique⁹populoquae
661 4521 991 4596 videratnuntinvit.
1036 4517 1161 4591 Omnis
1172 4522 1291 4612 itaque

177 4760 183 4790 ¹
196 4759 399 4816 Praesentem.
411 4763 422 4793 ⁹
436 4763 501 4816 Vero
508 4762 590 4818 deest.
599 4762 632 4817 Ο.
644 4765 790 4818 ’Attonite
799 4763 833 4818 0.
846 4760 994 4816 ‘nudent
1002 4759 1036 4814 Ο.
1047 4763 1058 4794 ⁸
1068 4755 1112 4813 Sic
1120 4755 1153 4810 Ο.
1161 4757 1292 4811 Hostium.

150 4845 183 4902 Η.
205 4849 273 4904 ‘Sic
283 4848 320 4904 0.
333 4851 415 4902 hnc.
431 4847 469 4902 Η.
493 4851 571 4906 ⁷net.
584 4849 617 4905 Ο.
643 4853 767 4905 'Arttm
779 4849 812 4904 Ο.
836 4850 962 4918 ’Βσίᾳιιε.
972 4845 1052 4903 MSS.
1064 4845 1115 4916 leg.
1126 4845 1229 4912 totique.
1242 4841 1276 4897 B.
