3318 5804
370 798 444 870 242
748 817 857 870 mann
880 799 1138 874 mnonvsusra

372 985 587 1069 novennalis3
612 984 718 1056 verbo
740 983 846 1078 Regin
862 981 1061 1078 Anglorum
1078 986 1187 1072 Cnut3
1213 996 1250 1058 et
1267 990 1350 1060 dato
1362 990 1427 1061 sibi
1443 990 1500 1060 ba-

371 1101 450 1174 culo
466 1103 503 1172 in
519 1102 615 1173 ouria
632 1101 736 1185 illius,
754 1099 923 1172 electione
943 1103 1063 1196 populi
1083 1112 1121 1175 et
1141 1104 1224 1176 cleri
1245 1103 1440 1190 landerice,
1466 1112 1502 1178 et

371 1219 510 1313 Regum
530 1217 729 1301 Britanniae,
747 1216 854 1311 Regis
878 1217 1040 1289 videlicet
1066 1219 1217 1291 Riderch
1240 1225 1419 1315 regnantis
1442 1246 1502 1317 per

369 1343 482 1407 totam
499 1333 674 1407 Gualliam
693 1331 1037 1426 tuncamporia1et
1059 1333 1178 1420 Hiuel,
1199 1339 1376 1432 subreguli
1394 1341 1502 1434 Regis

371 1450 589 1524 Morcaunuc
613 1452 704 1522 intra
724 1445 868 1522 ostium²
887 1449 1023 1522 Taratir
1041 1452 1078 1522 in
1095 1451 1177 1548 Guy
1193 1461 1230 1524 et
1250 1452 1502 1550 ostium²Ty11i

369 1569 559 1663 regnantia
576 1575 613 1640 et
625 1567 791 1662 vigesimo
804 1574 927 1659 quarto
940 1567 1163 1640 ordinationis
1179 1593 1248 1642 suae
1264 1569 1377 1655 anno,3
1393 1573 1431 1643 in
1444 1575 1504 1645 via

371 1683 492 1757 Sancti
502 1683 599 1756 Petri
608 1681 779 1778 apostoli,⁴
787 1684 880 1777 apud
888 1680 1062 1778 Agustan‚
1072 1685 1288 1780 migravitad
1298 1686 1504 1760 Dominum.

420 1913 588 1990 Riderch¹⁵
602 1916 694 1987 filius
711 1915 736 1988 J
737 1917 835 1999 estin,
850 1915 929 1988 Rex
943 1914 1169 2003 Morcannuc,
1187 1919 1257 1991 imo
1270 1921 1379 1991 totius
1392 1919 1503 1994 Gual-

368 2034 433 2118 liae,
451 2041 600 2129 excepta
615 2040 754 2104 tantum
768 2031 882 2104 insula
898 2032 1052 2118 Eucniae,
1074 2059 1180 2129 quam
1195 2034 1307 2109 Jacob
1329 2039 1420 2110 filius
1443 2039 1504 2110 Id-

368 2150 582 2246 guallperse
594 2151 751 2234 tenebat3
769 2149 922 2221 Ridcrch
935 2151 1023 2235 dico,
1036 2153 1149 2223 virum
1158 2154 1342 2247 pacificum
1355 2163 1392 2226 et
1404 2178 1502 2226 man-

369 2276 518 2351 suetum,
535 2267 696 2339 omnibus
712 2266 820 2337 totius
838 2267 937 2361 regni
957 2274 1031 2337 tam
1049 2267 1182 2340 clericis
1201 2291 1306 2361 quam
1326 2271 1433 2355 laicis,
1453 2272 1504 2342 vi·

370 2385 447 2457 duis
459 2393 497 2456 ct
509 2384 670 2478 orphanis
679 2383 761 2476 jura
777 2405 848 2467 sua,
861 2391 899 2454 ct
914 2384 1134 2456 haereditates
1150 2385 1267 2456 divina
1282 2386 1368 2481 lege,
1387 2394 1424 2458 et
1439 2388 1505 2459 hu·

369 2523 483 2585 mana,
501 2501 761 2584 concedentem,
779 2507 815 2571 et
835 2498 987 2572 maxime
1005 2501 1158 2594 ecclesia
1178 2502 1257 2586 Dei,
1275 2512 1313 2575 et
1333 2504 1506 2598 guberna·

371 2620 504 2692 toribus
521 2618 604 2711 ejus,
622 2617 790 2712 episcopis
806 2617 979 2701 videlicet,
997 2625 1035 2688 et
1051 2620 1210 2690 omnibus
1227 2619 1271 2690 de
1286 2620 1504 2692 inferioribus

369 2737 546 2829 gradibus3
571 2735 609 2804 in
620 2735 719 2827 cujus
731 2742 886 2828 tempore
898 2735 996 2806 nulla
1007 2734 1184 2818 desolatio,
1198 2735 1234 2804 in
1249 2735 1426 2808 montibus
1439 2760 1506 2808 nec

369 2849 409 2920 in
424 2850 538 2944 plano,
551 2850 618 2920 nisi
629 2859 768 2928 tantum
782 2850 892 2922 tribus
904 2850 995 2921 villis
1007 2873 1069 2944 per
1080 2859 1192 2922 totam
1207 2851 1383 2924 Gualliam
1399 2855 1437 2924 in
1449 2877 1504 2925 so-

368 2964 494 3048 litario,
510 2965 694 3037 Landaviae
706 2967 848 3058 quidem
861 2975 899 3039 et
911 2965 1049 3039 Sanctis
1061 2965 1152 3060 ejus⁰
1162 2965 1339 3051 Dubricio,
1350 2968 1504 3053 Teliauo,

370 3088 409 3151 et
425 3079 602 3165 Oudoceo‚
622 3091 660 3153 et
675 3081 807 3176 Joseph
826 3082 1000 3178 Episcopo
1020 3085 1185 3177 ejusdem,
1207 3087 1377 3157 concessit
1395 3087 1507 3158 eccle-

370 3197 438 3269 sias
460 3220 548 3281 suas,
574 3205 611 3270 et
634 3221 754 3270 aarum
778 3201 960 3284 territoria,
985 3224 1049 3294 per
1069 3202 1195 3304 omnia,
1219 3202 1257 3271 in
1278 3224 1364 3294 pace
1387 3202 1506 3294 quieta

370 3313 532 3399 tenenda,
554 3322 591 3386 et
613 3338 693 3386 cum
714 3339 776 3388 sua
797 3316 977 3410 dignitate,
995 3326 1033 3389 et
1049 3318 1144 3389 omni
1161 3317 1342 3413 privilegio
1359 3319 1506 3390 consch-

371 3433 455 3505 data
466 3439 503 3503 et
520 3431 680 3504 libertate
692 3442 769 3504 tota
781 3435 864 3504 data
877 3434 1009 3517 incolis,
1023 3441 1060 3505 et
1070 3434 1286 3517 habitaturis,
1300 3443 1337 3506 et
1348 3457 1505 3507 commu-

370 3550 475 3621 nione
491 3549 610 3643 pervia
624 3549 662 3618 in
677 3572 799 3643 campo
817 3558 854 3622 et
870 3551 908 3620 in
927 3551 1035 3644 aquis,
1057 3551 1096 3621 in
1117 3545 1219 3622 silva⁷
1241 3559 1278 3621 et
1299 3551 1337 3621 in
1358 3554 1503 3645 pascuis,

369 3673 408 3736 et
420 3666 466 3736 ob
478 3665 736 3738 venerationem
748 3663 941 3738 catholicae⁸
953 3667 1044 3750 fidei,
1062 3665 1116 3738 et⁹
1125 3667 1359 3760 jurejurando,
1377 3675 1415 3739 et
1430 3692 1505 3740 ma

369 3802 456 3848 num
477 3783 660 3866 mittendo,
683 3793 851 3878 prasente
871 3783 1003 3878 Joseph
1022 3782 1204 3878 Episcopo,
1222 3791 1260 3855 et
1276 3784 1504 3857 confirmante

369 3916 474 3986 super
489 3905 638 3987 quatuor
652 3901 840 3995 evangelia,
857 3902 1060 3995 antepositis
1076 3902 1180 3972 sacris
1196 3901 1363 3995 reliquiis;
1388 3910 1426 3972 et
1441 3902 1502 3985 ita,

368 4017 411 4079 ut
432 4032 610 4102 nunquam
631 4014 771 4108 glebam
794 4041 901 4091 unam
923 4019 1034 4090 sciens
1056 4017 1233 4094 ablaturus
1255 4027 1310 4089 est
1331 4019 1445 4111 aliquo
1466 4020 1503 4090 vi

369 4125 493 4209 laicali,
516 4136 578 4199 aut
599 4130 769 4205 tirannico
791 4123 1115 4220 fumranutnalo
1131 4135 1281 4230 ingenio,
1298 4143 1360 4206 aut
1381 4134 1503 4206 fraude

404 4412 468 4470 ¹Sic
480 4413 514 4470 0.
526 4421 643 4485 umpota
656 4416 695 4472 Η.
729 4417 793 4474 ’Sic
805 4420 839 4477 0.
851 4423 927 4490 infre
936 4423 1057 4478 baetim
1073 4421 1111 4476 H.
1147 4420 1243 4477 ⁸A.D.
1256 4423 1334 4476 1046.
1366 4417 1507 4488 ‘Amator

367 4499 451 4557 deest.
469 4502 504 4559 0.
538 4504 762 4560 monumentum
777 4507 830 4563 hoc
847 4526 884 4563 ex
900 4510 1034 4582 excerptis
1051 4509 1180 4564 cantabr.
1194 4507 1277 4564 edidit
1289 4506 1459 4562 whartonus
1477 4508 1508 4562 in

367 4587 469 4660 Anglio
479 4587 561 4645 Socra
571 4590 613 4646 ῙῙ.
624 4593 754 4652 669-70.
765 4595 815 4649 ubi
825 4595 918 4650 scribit
928 4597 1039 4652 nomina
1049 4596 1096 4666 sic,
1110 4597 1245 4666 ltytberob,
1261 4597 1365 4665 Joetyn,
1381 4595 1508 4664 Mormo-

368 4691 432 4744 πίω,
445 4679 563 4746 ducato,
574 4679 694 4748 damin,
705 4682 811 4751 Idprocl.
829 4680 864 4736 B.
898 4681 984 4752 ‘hym
995 4683 1077 4740 deest.
1095 4682 1131 4738 Ο.
1166 4683 1306 4738 'Insiluit
1325 4685 1356 4735 in
1373 4699 1452 4750 opaco.
1471 4681 1508 4738 0.

367 4760 632 4824 winulos-totae.
651 4766 689 4822 H.
723 4767 872 4826 tudun.
891 4769 971 4826 MSS.
