3316 5796
388 833 436 904 86
755 843 861 895 urrann
884 841 1140 894 nannavnrrms.

387 1013 516 1084 tuimur
531 1018 573 1081 ut
588 1007 732 1080 ecclesia
743 1013 857 1078 restra
871 1027 952 1077 cum
968 1027 1030 1078 arra
1042 1005 1220 1100 dignitate,
1237 1007 1283 1078 ab
1294 1009 1388 1079 omni
1403 1029 1507 1080 eccu-

385 1128 466 1202 laria
490 1125 619 1198 scrutil
642 1123 848 1220 gravamine,
873 1121 982 1194 libera
1005 1129 1144 1193 maneat
1168 1130 1206 1193 et
1229 1122 1355 1216 quieta
1405 1124 1507 1210 Qua·

387 1267 522 1336 cunque
534 1264 615 1314 vero
627 1237 844 1312 concessione
859 1237 1071 1332 pontificum,
1084 1237 1290 1311 liberalitate
1305 1239 1509 1334 principum,

387 1358 560 1432 oblatione
572 1354 736 1438 fidelium,
749 1353 806 1426 vel
817 1353 892 1426 aliie
902 1353 1007 1448 justis
1019 1355 1130 1426 modis
1147 1356 1191 1426 ad
1203 1355 1347 1428 eandem
1362 1379 1511 1430 noscun-

386 1486 444 1546 tur
464 1473 645 1547 eccleeiam
666 1471 847 1567 pertinere,
870 1469 902 1542 ei
925 1471 1033 1554 firma,
1053 1470 1092 1540 in
1113 1480 1297 1564 posterum,
1316 1479 1354 1544 et
1373 1471 1512 1568 integra

387 1585 654 1663 conterventur.1
702 1586 746 1659 In
758 1586 882 1680 quibua
898 1585 972 1658 hec
983 1586 1128 1680 propriis
1140 1587 1301 1660 duximus
1316 1589 1514 1661 nominibus

387 1701 613 1779 annotandaz’
638 1702 851 1775 Laudaviam
867 1702 1008 1787 scilicet,
1026 1725 1107 1774 cum
1123 1703 1295 1776 territorio
1312 1727 1384 1788 suo,
1401 1705 1512 1777 eccle-

383 1825 475 1897 aiam
485 1821 621 1905 Elidon,
632 1819 812 1892 ecclesiam
822 1817 943 1892 Sancti
956 1816 1106 1902 Hilarii,l
1115 1817 1237 1892 Sancti
1247 1818 1381 1904 Nician,
1393 1819 1514 1892 Sancti

389 1939 521 2012 Teliaui
538 1939 582 2010 de
597 1936 742 2008 merthir
756 1959 886 2030 mynor,
905 1935 1025 2008 Sancti
1040 1935 1174 2008 Teliaui
1189 1937 1233 2010 de
1249 1935 1513 2031 lannmergualt,

390 2055 467 2127 Lan
484 2054 595 2136 Ilthit,
614 2052 715 2124 [rann
731 2050 846 2146 Petyr,
864 2050 1054 2136 Gula-Lan,
1072 2050 1172 2124 [rann
1184 2051 1393 2147 Cyngualan,
1410 2051 1514 2122 Lann

389 2170 534 2242 Teiliani
550 2169 720 2264 portulon,
738 2167 934 2240 Lanteiliau
949 2167 1130 2262 Talypcnt,
1148 2166 1248 2238 Lann
1261 2167 1394 2252 Gemei,
1411 2167 1514 2239 Lann

389 2282 515 2370 dodel,⁴
531 2284 746 2380 Oileynhinn,
764 2283 1041 2377 Cruchguernem
1060 2283 1193 2354 Villam
1213 2283 1315 2356 Lann
1330 2285 1516 2380 Oatguala·

389 2411 446 2473 ter
466 2421 547 2472 cum
569 2400 713 2470 ecelesia
729 2397 851 2471 Sancti
867 2397 987 2490 Gyan,
1004 2397 1122 2470 villam
1139 2396 1258 2470 Sancti
1273 2400 1413 2472 Tanauc
1434 2423 1515 2472 cnm

392 2517 545 2600 ecclesia,
561 2515 681 2587 villam
697 2512 834 2584 Henriu
856 2535 936 2583 eum
952 2512 1106 2597 eeclesia,
1123 2513 1240 2586 villam
1257 2514 1411 2587 Merthir
1425 2515 1516 2588 Teu·

390 2635 476 2706 diric
491 2654 572 2705 cum
588 2630 749 2713 eeclesiis,
762 2628 880 2700 villam
892 2625 1014 2700 Sancti
1025 2627 1182 2702 Oudocei
1193 2653 1274 2701 cum
1286 2631 1439 2714 ecclesia,
1452 2632 1518 2704 vil-

385 2751 461 2822 lam
478 2748 598 2821 Sancti
615 2745 759 2818 Niuuen
775 2767 856 2816 oum
871 2742 1025 2829 ecclesia,
1042 2745 1160 2818 villam
1175 2745 1334 2842 Tynyean
1356 2771 1435 2820 cunr
1457 2772 1515 2821 ec-

390 2865 503 2949 elesia,
516 2863 634 2936 villam
650 2862 751 2934 Lann
762 2859 853 2934 Oinn
868 2883 949 2932 enm
965 2861 1126 2946 ecclesiia,
1143 2863 1261 2934 villam
1278 2863 1378 2935 Lann
1395 2864 1517 2936 Guern

393 2981 538 3076 Cynnuc
556 3003 637 3050 cnm
653 2977 806 3060 ecclesia,
823 2976 941 3049 villam
964 2975 1247 3051 Merthir-dinoot
1263 3003 1344 3051 cum
1360 2981 1515 3065 ecclesia,

392 3095 602 3191 Lanngarth‚
621 3092 740 3166 Sancti
759 3092 891 3164 Teliaui
908 3093 952 3164 de
969 3091 1079 3164 Porth
1094 3093 1226 3178 balano,
1244 3095 1365 3168 Sancti
1381 3097 1516 3169 Teliaui

391 3214 436 3285 de
456 3211 635 3294 Creaeinic,
659 3208 839 3282 ecclesiam
859 3207 979 3281 Sancti
1001 3209 1168 3293 Oletauci
1191 3211 1371 3284 eccleciam
1392 3212 1516 3285 Sancti

391 3328 525 3412 Sulbui,
548 3327 666 3398 villam
688 3325 818 3398 Pcnrei
840 3349 921 3398 cum
942 3323 1095 3410 ecclesia,
1118 3326 1218 3398 Lann
1240 3327 1400 3414 Helicon,
1422 3329 1517 3403 Iau-

393 3444 565 3540 mihacgel
585 3467 694 3528 maur,
716 3443 834 3516 villam
857 3442 1041 3516 Oairduicil
1063 3465 1144 3515 cum
1163 3444 1316 3530 ecclesia,
1334 3447 1518 3520 ecclesiam

392 3561 514 3635 Sancti
529 3559 660 3644 Oatoci,
686 3559 787 3632 Lann
803 3559 893 3643 Coit,
917 3559 1066 3652 Talpcnt
1089 3560 1200 3643 escob,
1226 3559 1518 3658 Lannguonhcill,

392 3678 569 3761 Ruibrein,
592 3676 802 3760 Gaboaatell,
821 3675 1030 3770 Penniprisc,
1046 3674 1287 3761 Trefmeibion,
1304 3678 1516 3764 Omdevein,

391 3793 479 3864 Tref
494 3793 598 3876 main,
615 3791 701 3864 Tres
716 3793 868 3866 meibion
883 3792 987 3888 ganah
1009 3792 1081 3876 trit,
1098 3793 1185 3864 Tref
1198 3794 1275 3879 rita,
1293 3793 1518 3872 Lanndinuul

393 3929 474 3979 cnm
490 3907 642 3990 ecclesia,
660 3917 794 3980 etcum
810 3909 962 3996 decimis,
980 3908 1218 3994 oblationibus,
1235 3913 1428 4006 sepulturis,
1444 3923 1519 3986 ter·

392 4023 528 4106 ritoriia‚
548 4023 697 4118 refugiis,
720 4032 757 4096 et
779 4024 887 4099 libera
907 4026 1147 4098 communione
1168 4051 1297 4102 earnm.
1345 4029 1519 4115 Quocun-

394 4163 461 4234 que
476 4147 642 4234 praeterea
656 4139 694 4211 in
709 4141 864 4212 lunarum
881 4142 1062 4239 (largiente
1078 4141 1170 4234 Deo)
1181 4143 1278 4238 juste
1293 4154 1396 4240 atque
1412 4169 1519 4219 cano-

392 4255 471 4330 nice
485 4256 614 4352 poterit
633 4257 783 4351 adipisci,
806 4259 924 4352 quieta
938 4260 972 4332 ei
988 4282 1122 4354 semper
1137 4269 1175 4332 et
1190 4261 1324 4334 illibata
1338 4285 1522 4358 permane-

368 4421 370 4424 -
394 4385 464 4446 ant.
514 4372 741 4447 Daoernimue
765 4397 848 4472 ergo
874 4385 915 4448 ut
942 4377 1029 4449 nulli
1051 4371 1192 4448 omnine
1210 4378 1391 4452 hominum
1413 4379 1522 4456 liccat

393 4781 655 4841 mammae.
690 4783 1013 4843 metamaucum
1049 4787 1326 4846 astomorum
1360 4789 1523 4847 meac.
1642 4863 1649 4872 Ι
