3316 5796
526 835 635 886 mssa
658 833 919 887 nsunrvausrs.
1246 816 1294 890 47

148 1007 323 1080 Walliam
331 1005 541 1088 constitutis,
553 1004 702 1075 salutem
710 1009 748 1073 et
756 1001 1046 1074 benedictionem.
1086 1000 1148 1073 Ad
1157 1003 1295 1077 Lauda-

149 1148 294 1197 vensem
311 1123 517 1206 Ecclesiam,
536 1144 583 1192 ex
599 1121 718 1192 debito
735 1129 861 1190 nostrae
878 1119 1061 1214 legationis
1077 1121 1293 1205 accedentes,

152 1240 209 1312 et¹
229 1247 432 1334 paupertate
453 1259 663 1331 oppressam,
689 1237 846 1308 ethonis
867 1237 937 1307 suis
961 1259 1003 1306 ac
1023 1238 1295 1329 possessionibus

152 1357 363 1452 expoliatam
375 1356 584 1427 invenimus.
622 1337 868 1425 Veruntamen
880 1353 1087 1424 venerabilis
1099 1353 1206 1426 frater
1217 1377 1296 1426 nos·

148 1489 204 1546 ter
221 1473 396 1555 Urbanus,
417 1471 574 1564 ejusdem
595 1470 663 1541 loci
685 1468 889 1562 Episcopus,
907 1468 1090 1542 ecclesiam
1110 1471 1221 1564 ipsam
1241 1496 1295 1543 re-

147 1592 310 1664 edificare
333 1613 356 1660 a
378 1588 616 1658 fundamentis
638 1586 785 1680 incepit:
812 1587 907 1679 quod
927 1587 1002 1656 sine
1018 1585 1294 1681 elemosynarum

149 1715 344 1779 vestrarum
356 1704 497 1776 auxiliis
509 1727 579 1774 non
595 1704 726 1797 poterit
738 1725 988 1774 consummare.
1039 1701 1218 1797 Rogamus
1230 1707 1296 1778 ita-

148 1849 217 1918 que
235 1823 505 1896 universitatem
526 1828 687 1904 vestram,
709 1828 746 1890 et
766 1821 1004 1890 remissionem
1024 1819 1123 1890 vobis
1145 1821 1295 1917 injungi-

148 1965 228 2012 mus
247 1946 485 2034 peccatorum,
506 1945 547 2008 ut
564 1936 681 2008 locum
701 1938 817 2029 ipsum
835 1935 1014 2008 benefieiis
1030 1937 1153 2006 vestris
1170 1945 1207 2008 ct
1224 1939 1295 2010 ele-

149 2059 303 2151 mosynis
312 2051 457 2149 juvare²
469 2063 506 2125 et
518 2062 712 2126 sustentare
725 2053 850 2124 velitis.
898 2051 976 2122 Nos
988 2075 1127 2146 quoque
1139 2053 1176 2123 in
1188 2054 1294 2126 bene-

20 2225 21 2273 3
151 2175 272 2246 ficium
295 2195 364 2255 vos,
388 2179 428 2242 et
449 2173 623 2243 orationes
644 2171 766 2242 matris
789 2177 915 2240 nostrae
938 2169 1105 2240 Romana
1128 2169 1292 2256 ecclesiae,

20 2277 21 2322 l
156 2290 374 2383 suscipimus3
397 2287 664 2382 indulgentiam,
679 2283 1080 2381 quam⁸Cantuarienses
1093 2283 1294 2382 Arclriepis-

157 2406 238 2500 copi
259 2405 420 2488 fecerunt,
442 2405 632 2497 apostolica
651 2404 860 2475 auctoritate
882 2403 1071 2474 firmantes.
1122 2402 1296 2478 Praeterea

156 2523 204 2592 de
216 2520 423 2606 abundantia
439 2520 740 2615 sedisapostolicae
758 2539 836 2590 xrv,
850 2519 948 2590 robis
964 2519 1038 2590 dies
1054 2519 1099 2590 de
1112 2527 1226 2592 vestra
1241 2545 1295 2592 re-

156 2638 327 2708 mittimus
342 2638 560 2730 poenitentia.
610 2636 828 2710 Obedientes
842 2658 902 2708 vos
913 2635 1056 2706 monitis
1068 2637 1203 2720 nostris,
1216 2661 1294 2731 gra-

155 2755 206 2826 tia
222 2755 336 2826 divina
351 2753 536 2826 custodiat.

176 3020 420 3093 Suuuourrro
439 3018 639 3091 Wrnnmnr
657 3020 952 3093 Oss‘russrarrsrs
970 3017 1266 3094 Ancmsrrscom.

198 3221 435 3292 anmnrus
448 3220 707 3293 cantuariensis
719 3220 1021 3316 Archiepiscopus,
1040 3221 1185 3295 Urbano
1202 3221 1295 3295 Lau-

150 3340 295 3411 davensi
312 3337 496 3430 Episcopo,
514 3337 673 3409 salutem.
725 3337 854 3410 Litoris
866 3340 941 3410 istis
957 3340 1023 3410 tibi
1040 3347 1163 3410 notum
1179 3340 1294 3410 facere

150 3455 322 3536 uolumus,
339 3454 435 3545 quod
454 3453 634 3526 lohannes
650 3454 805 3526 ecclesiae
822 3455 990 3526 Romanu
1005 3454 1193 3548 presbyter
1209 3453 1294 3525 Car-

151 3571 277 3643 dinalis
305 3579 413 3662 atque
443 3569 607 3664 Legatus,
635 3569 739 3666 legis⁴
763 3571 980 3642 ordinatione
1005 3566 1082 3641 sua⁵
1107 3577 1292 3663 nostraque

150 3685 398 3770 conniventia⁶
419 3687 605 3758 concilium
630 3687 806 3760 celebrare
831 3688 1009 3781 disposuit,
1032 3685 1234 3770 Lundoniae,
1256 3688 1293 3756 in

151 3803 336 3874 nativitate
352 3803 465 3874 beatas
482 3827 619 3897 semper
631 3805 774 3900 virginis
787 3803 921 3876 Mariae.
973 3799 1163 3896 Propterea
1174 3805 1294 3896 praeci-

109 3971 113 3980 «
149 3921 276 4013 pimus,
293 3928 334 3989 ut
350 3921 387 3989 in
404 3920 548 4013 praefato
564 3923 724 4004 termino,
739 3924 776 3991 in
788 3922 913 3993 eodem
930 3921 1007 3993 loco
1019 3921 1119 3992 nobis
1135 3944 1294 3993 occurras

148 4059 229 4108 cum
248 4033 531 4108 Archidiaconis⁷
548 4036 601 4108 et⁸
617 4037 828 4122 Abbatibus,
852 4047 889 4110 et
907 4038 1093 4122 Prioribus,
1117 4045 1187 4109 tuae
1207 4039 1293 4108 dioe·

147 4155 268 4236 casios,
291 4153 338 4222 ad
355 4153 592 4225 definiendum
615 4177 718 4249 super
740 4157 888 4251 negotiis
911 4156 1162 4238 ecclesiasticis,
1186 4163 1224 4226 et
1247 4156 1292 4226 ad

147 4268 409 4342 informandum
425 4292 486 4340 seu
503 4271 745 4365 corrigendum
762 4295 839 4365 quse
856 4271 1083 4355 informanda,
1097 4271 1153 4343 vel
1167 4271 1293 4342 docen-

148 4385 199 4470 da,
215 4407 282 4457 seu
298 4385 503 4479 corrigenda
519 4387 676 4458 docuerit
693 4391 867 4460 sententia
883 4389 1139 4460 convocationis
1156 4395 1291 4459 nostrae.

182 4620 334 4681 ¹Etdcest.
353 4622 387 4678 Ο.
422 4622 552 4680 wisara.
570 4626 604 4682 O.
639 4627 745 4696 ³Quum
761 4627 843 4684 deest.
862 4627 943 4683 MSS.
960 4626 1112 4699 suppletur.
1131 4623 1164 4680 Β.
1200 4623 1294 4693 *lmus

150 4705 228 4764 deest.
252 4709 287 4768 Ο.
326 4711 405 4764 ⁴sua
422 4707 506 4764 deest.
525 4710 606 4767 MSS.
623 4714 776 4785 suppletur.
795 4713 828 4770 B.
865 4715 1082 4770 commissero.
1101 4712 1134 4768 Ο.
1176 4710 1240 4766 ⁶Sic
1259 4710 1293 4798 0.

149 4798 393 4868 archidiaconibm.
412 4794 452 4850 Η.
487 4795 543 4852 ⁷m
554 4798 636 4855 deest.
655 4799 689 4856 0.
791 4843 794 4851 .
