3318 5804
345 793 419 864 210
719 807 828 859 amaa
852 807 1111 858 annnnvansn.

343 975 448 1073 copo1
461 977 522 1071 qui
534 984 619 1047 tunc
631 975 831 1046 morabatur
842 973 935 1066 apud
949 970 1069 1043 Houel
1080 971 1323 1045 Britannicum
1337 975 1480 1071 Regem,

344 1095 382 1166 in
403 1094 544 1189 regione
566 1090 749 1162 Brachani.
801 1089 882 1183 Ipse
905 1088 1035 1172 statim,
1060 1097 1102 1160 ut
1126 1090 1267 1174 audivit,
1294 1093 1485 1164 transmisit

344 1212 486 1283 nuntios
507 1210 553 1281 ad
573 1207 784 1279 monasterie
798 1206 957 1276 omniurn
978 1206 1234 1299 provinciarum
1255 1209 1366 1279 totius
1388 1231 1485 1301 paro-

345 1328 431 1400 chiae
447 1326 537 1397 infra
553 1319 699 1396 οειίιιιιι2
715 1322 860 1417 Taratyr
875 1321 912 1416 ig
929 1319 1020 1416 Guy,
1037 1343 1148 1415 usque
1164 1323 1209 1393 ad
1225 1324 1337 1416 ripam
1353 1323 1483 1420 Tuigui

345 1448 507 1541 (quarum
527 1440 733 1514 obedientiae
754 1439 918 1531 subjecte
938 1446 1021 1508 srrnt
1044 1437 1199 1510 ecclesie
1224 1439 1421 1524 madenia,
1448 1449 1487 1512 et

343 1562 472 1634 sanctis
491 1559 657 1652 ejusdem,
673 1555 842 1638 nutricii,
859 1551 1003 1638 Teliaui,
1021 1553 1189 1639 Oudocei
1207 1563 1245 1626 et
1265 1555 1361 1626 Patri
1379 1555 1486 1650 Epis·

343 1699 441 1773 copo,
459 1685 497 1748 et
513 1675 674 1747 omnibus
690 1671 872 1767 Episcopis
889 1673 1154 1744 succedentibus
1175 1673 1212 1742 in
1234 1671 1416 1766 perpetuo)
1440 1682 1487 1744 ιιι

343 1798 636 1889 congregarentur
655 1790 859 1872 sacerdotes,
876 1789 1023 1872 diaconi,
1041 1796 1078 1860 et
1094 1811 1215 1860 omnes
1230 1789 1355 1883 gradus
1371 1788 1486 1860 eccle-

343 1911 482 1994 siastici,
505 1917 543 1980 et
562 1910 599 1978 in
619 1929 729 1978 unum
745 1906 980 1976 convenirent.
1030 1902 1211 1976 Audiente
1228 1929 1365 1998 quoque
1382 1904 1488 1975 Nou-

343 2029 413 2123 goi,
432 2049 515 2097 cum
535 2023 762 2117 optimatibus
786 2023 866 2105 suis,
891 2022 1001 2092 totius
1025 2020 1179 2092 ecclesiae
1202 2021 1485 2092 maledictionem

342 2147 533 2215 irruentem
555 2141 592 2210 in
610 2163 657 2223 se,
675 2147 713 2210 et
729 2139 998 2210 descendentem
1020 2160 1123 2231 super
1145 2159 1237 2221 eum,
1260 2161 1331 2208 non
1353 2140 1485 2210 audens

343 2259 415 2332 tale
427 2259 563 2352 pondus
577 2255 832 2327 maledictionis
844 2255 1023 2338 sustinere,
1039 2255 1127 2325 inito
1144 2253 1287 2326 consilio
1304 2277 1387 2326 cum
1404 2256 1486 2326 doc·

343 2375 484 2449 tissimis
500 2373 650 2467 regionis
666 2395 745 2455 arae,
758 2381 797 2443 et
813 2371 937 2466 legatis
955 2371 1172 2455 transmissis,
1189 2371 1379 2466 appellarit
1395 2373 1485 2466 epis-

343 2514 471 2587 copum
493 2490 541 2560 ad
562 2511 599 2562 sc
660 2487 789 2559 Postea
811 2511 894 2558 vero
919 2488 1146 2559 obviavemnt
1170 2489 1236 2559 sibi
1262 2488 1418 2583 Nougui,
1444 2496 1483 2559 et

344 2611 526 2704 episcopus
546 2628 628 2676 cum
644 2603 871 2699 optimatibus
892 2605 971 2688 suis,
992 2607 1030 2675 in
1047 2603 1249 2676 Guentonia
1269 2607 1365 2688 urbe,
1384 2615 1483 2676 etex

344 2725 488 2798 consilio
505 2723 661 2794 omnium
677 2719 860 2792 doctomm
883 2721 1065 2815 utriusque
1084 2721 1201 2814 partis,
1227 2723 1300 2793 dati
1326 2731 1408 2793 nant
1431 2721 1484 2792 illi

344 2863 385 2914 vr
401 2839 466 2912 viri
487 2838 643 2911 crudeles
663 2839 701 2908 in
723 2859 832 2907 manu
852 2837 1013 2930 episcopi.
1065 2834 1224 2908 Adducti
1245 2838 1389 2910 suntad
1408 2860 1484 2908 mo·

344 2957 534 3029 nasterium
561 2953 682 3026 Sancti
698 2953 843 3038 Teliaui,
867 2954 937 3025 illis
962 2954 1171 3025 facientibus
1195 2977 1258 3026 sex
1282 2977 1422 3027 menses
1445 2957 1485 3026 in

343 3074 463 3146 ferreis
480 3070 683 3142 carceribus.
734 3069 881 3165 Nougui
903 3071 1031 3142 iterum
1055 3070 1244 3164 postulavit
1268 3079 1310 3142 ιιι
1334 3071 1484 3143 adduce-

343 3197 464 3262 rentur
480 3187 544 3258 viri
560 3185 612 3257 illi
628 3187 674 3257 ad
690 3187 928 3281 supradictum
943 3189 1192 3258 monasterium
1208 3189 1245 3258 in
1261 3211 1331 3282 quo
1348 3191 1484 3261 occide-

342 3315 422 3380 rant
439 3307 633 3386 diaconum
651 3311 688 3375 et
709 3303 782 3374 illic
798 3303 955 3374 divinum
973 3303 1148 3396 judicium
1168 3305 1375 3399 acciperent.
1427 3305 1485 3377 Si·

342 3423 434 3496 nodo
446 3444 583 3516 quoque
593 3420 784 3513 judicante,
798 3421 982 3492 definitum
995 3427 1049 3491 est
1060 3429 1102 3491 ut
1113 3423 1349 3515 unusquisque
1361 3446 1484 3494 comm

269 3607 272 3616 .
343 3563 445 3614 suum
462 3561 594 3634 agrum,
611 3559 779 3631 suamque
795 3545 909 3607 totam
930 3536 1169 3621 substantiam,
1186 3538 1327 3632 insuper
1343 3547 1381 3610 et
1396 3563 1484 3634 prae-

342 3659 434 3728 tium
456 3657 580 3727 animae
596 3677 676 3738 sua,
698 3654 766 3724 hoc
787 3651 859 3724 est³
881 3661 1016 3746 septem
1039 3653 1144 3726 libras
1164 3657 1298 3749 argenti
1320 3658 1484 3728 redderet

342 3772 498 3844 ecclesia
517 3793 623 3864 quam
642 3770 886 3842 maculaverat.
938 3768 1011 3841 Sed
1031 3770 1098 3841 hoo
1113 3773 1395 3864 praetereundum
1411 3797 1482 3844 non

342 3896 406 3971 est,
428 3888 522 3980 quod
542 3897 625 3958 ante
642 3885 825 3980 judicium,
846 3887 979 3958 redacti
996 3895 1078 3958 sunt
1094 3887 1158 3957 viri
1178 3887 1245 3972 illi;
1272 3889 1480 3984 Idgmallaun

341 4002 433 4074 tilius
459 4000 613 4085 Moruid,
630 4011 668 4072 et
685 4001 836 4087 Guinan,
853 4001 1044 4088 Junathan,
1070 4011 1108 4074 et
1124 4001 1296 4088 Guelfrid,
1322 4014 1392 4078 tres
1416 4007 1479 4077 filii

341 4118 491 4201 ceretio,
513 4126 551 4188 et
569 4125 666 4188 totus
682 4141 765 4213 ager
779 4120 1012 4214 generationis
1029 4119 1190 4192 Guoruot
1206 4141 1287 4191 cum
1305 4145 1424 4215 campo
1439 4131 1481 4194 et

341 4235 505 4318 fontibus,
530 4255 612 4305 cum
637 4233 731 4306 silvia
756 4242 793 4306 et
817 4236 1048 4330 accipitribus,
1074 4240 1277 4310 cumomni
1298 4261 1400 4310 censu
1417 4240 1480 4332 qui

340 4361 445 4424 antea
461 4351 609 4423 dabatur
628 4351 729 4445 Regi,
747 4352 784 4422 in
800 4373 907 4422 manu
925 4352 1098 4446 Episcopi,
1117 4361 1154 4425 et
1169 4355 1207 4425 in
1231 4362 1404 4448 potestate
1421 4380 1482 4428 ec-

340 4469 453 4541 clesiae
475 4466 595 4540 Sancti
615 4466 759 4540 Teliaui.
816 4467 1068 4542 Determinatis
1091 4471 1146 4542 his
1166 4473 1338 4557 omnibus,
1362 4474 1484 4546 divino

404 4757 545 4828 lllpiacopo
556 4758 639 4816 deest.
658 4757 692 4814 0.
726 4759 789 4816 ²Sic
802 4758 835 4815 0.
848 4761 969 4817 Matium.
989 4757 1027 4817 H.
1065 4759 1127 4816 asie
1140 4759 1174 4817 B.
1185 4766 1223 4816 ert
1234 4759 1318 4817 deest.
1337 4759 1419 4818 MSS.
