3336 5810
563 813 671 863 mann
697 813 956 863 naunavnusrs
1258 795 1327 867 261

190 983 237 1050 rit
259 982 272 1049 i
292 983 388 1052 main
405 981 524 1063 melin,
546 1003 566 1049 o
584 978 663 1048 Elei
681 979 814 1048 diuinid
831 979 885 1047 dir
906 979 969 1061 riu,
993 1002 1031 1050 ar
1052 980 1106 1049 hit
1128 981 1223 1050 irriu
1239 983 1331 1054 nihit

191 1099 263 1167 trui
280 1097 292 1166 i
309 1099 379 1168 ooit
397 1098 473 1168 diar
488 1095 591 1178 irailt,
611 1095 769 1165 diuscuid
784 1097 797 1164 i
814 1096 885 1165 coit
902 1096 992 1165 nihit
1009 1097 1071 1167 bet
1083 1100 1201 1190 penui
1218 1099 1329 1184 claud,

195 1215 265 1283 trui
278 1215 308 1282 ir
319 1215 390 1284 coit
403 1237 443 1284 ar
453 1213 507 1285 hit
520 1214 532 1282 i
545 1212 647 1282 claud
663 1212 725 1283 bet
742 1210 831 1295 Elei,
849 1220 923 1282 trus
940 1213 1018 1284 Elei
1032 1215 1085 1284 dir
1100 1214 1212 1298 claud,
1230 1217 1331 1287 claud

196 1329 286 1400 nihit
302 1332 355 1402 dir
371 1331 450 1402 ford
466 1331 520 1401 dir
535 1328 637 1400 claud
654 1329 764 1399 iuinid
781 1329 836 1399 dir
849 1330 961 1400 broun
977 1331 1008 1399 ir
1022 1329 1095 1413 allt,
1113 1331 1174 1401 ubi
1190 1332 1329 1425 incepit.

648 1599 748 1667 Tnur
767 1597 870 1667 Rrrs.

240 1800 433 1872 Caretocns
450 1798 530 1870 Rex
547 1797 765 1869 Morcannuc
781 1797 878 1868 misit
893 1797 1060 1869 familiam
1073 1798 1118 1868 ad
1135 1799 1235 1870 Lann
1248 1798 1330 1871 Mo-

191 1919 266 2001 cha,
293 1927 423 1989 terram
449 1915 657 1988 Sanctorum
683 1913 852 1996 Dubricii,
878 1913 1020 1997 Teliaui,
1047 1923 1084 1986 et
1101 1914 1267 2002 Oudocei,
1294 1926 1331 1988 et

191 2033 387 2105 Heruualdi
399 2032 573 2128 Episcopi,
591 2040 628 2103 et
645 2033 842 2102 convivium
860 2031 1023 2126 Episcopi
1040 2033 1173 2104 factum
1190 2043 1227 2104 et
1245 2058 1331 2128 prae-

191 2159 350 2244 paratum
359 2151 554 2244 prandium,
564 2151 674 2220 invito
684 2147 821 2241 hospite
832 2147 986 2218 Rideroh
995 2148 1066 2219 filio
1078 2149 1203 2242 Equid,
1215 2175 1331 2245 sump-

189 2268 245 2350 sit,
259 2275 296 2338 et
313 2274 594 2338 consummatum
608 2264 780 2335 violenter
794 2266 1030 2358 pernoctando
1042 2269 1216 2351 remansit,
1230 2271 1331 2339 inun-

190 2385 271 2455 data
287 2394 325 2455 et
340 2385 551 2456 inebrietata
566 2382 711 2453 violenti
727 2381 869 2474 liquore.
922 2379 971 2451 Et
987 2391 1067 2475 post
1083 2391 1217 2454 tantam
1234 2387 1332 2456 inva-

190 2502 323 2572 sionem
345 2502 486 2584 factam,
509 2501 606 2571 misit
629 2497 822 2593 Episcopus
838 2499 973 2593 legatos
990 2522 1069 2570 suos
1086 2499 1186 2594 Regi,
1207 2509 1247 2570 ut
1264 2502 1329 2572 sibi

189 2619 399 2702 emendaret,
424 2617 582 2688 simulet
601 2615 733 2686 familia
749 2615 851 2698 illius,
869 2615 998 2686 factam
1015 2616 1189 2708 iujuriam3
1216 2625 1252 2686 et
1269 2641 1330 2687 au·

190 2734 264 2805 dita
292 2734 477 2828 legatione,
509 2733 612 2804 simul
642 2740 679 2803 et
708 2741 861 2826 accepta,
891 2735 1093 2826 recognovit
1118 2733 1265 2828 culpam,
1292 2743 1330 2805 et

190 2851 361 2943 poenitens
378 2851 558 2943 requisivit
571 2852 709 2920 veniam
726 2849 817 2943 apud
836 2847 1060 2933 Laudariam,
1074 2858 1111 2920 et
1122 2851 1247 2942 juncta
1263 2852 1329 2922 sibi

188 2969 394 3059 poenitentia
416 2967 520 3038 simul
542 2975 579 3038 et
601 2967 741 3036 familiae
758 2967 803 3036 ad
821 2967 967 3037 modum
984 2975 1190 3061 perpetrate
1207 2968 1327 3061 culpe,

189 3081 334 3177 largitus
358 3084 473 3155 estin
497 3083 707 3154 eleemosina
730 3081 819 3166 Deo,
846 3091 883 3153 et
909 3082 1046 3154 Sanctis
1068 3082 1245 3167 Dubricio,
1264 3084 1329 3154 Te-

190 3198 293 3283 liauo,
307 3209 344 3270 et
357 3199 532 3284 Oudoce0,
548 3208 584 3271 et
598 3199 803 3270 Heruualdo
817 3199 1000 3292 Episcopo,
1019 3209 1056 3271 et
1068 3202 1228 3271 omnibus
1244 3224 1328 3292 prae-

189 3315 323 3388 solibus
340 3314 524 3387 Landaviac
545 3319 582 3388 in
604 3325 783 3410 perpetuo,
802 3315 921 3387 villam
940 3316 1027 3387 Tref
1045 3317 1129 3387 Rita
1151 3320 1188 3387 in
1211 3317 1329 3387 Edeli-

187 3431 285 3503 cion1
308 3433 414 3524 juxta
441 3433 598 3504 Merthir
624 3433 787 3516 Tecmed,
813 3456 894 3503 cum
919 3456 981 3503 sua
1005 3442 1082 3503 tota
1105 3433 1266 3503 libertate
1291 3433 1329 3502 in
1398 3421 1405 3436 ’

190 3571 314 3642 campo
339 3558 376 3619 et
399 3551 436 3621 in
462 3550 565 3633 silvis,
596 3552 633 3620 in
657 3574 747 3642 aqua
772 3551 870 3620 etin
894 3551 1039 3643 pascuis,
1066 3557 1103 3620 et
1128 3550 1209 3619 data
1233 3548 1328 3618 omni

190 3668 435 3737 communione
452 3667 584 3738 incolis.
636 3666 692 3738 De
706 3667 858 3750 Clericis,
873 3676 981 3738 testes
993 3662 1090 3736 sunt²
1103 3663 1328 3735 Heruualdus

191 3781 395 3876 Episcopus,
408 3783 557 3855 Lifiicus
571 3784 662 3854 filius
675 3783 780 3867 suus,³
793 3784 996 3854 Mormarch
1009 3783 1195 3876 praesbyter
1208 3780 1329 3851 Sancti

191 3897 333 3982 Teliaui,
353 3899 541 3972 Merchbui
563 3903 760 3994 praesbyter,
777 3898 896 3971 Aidan
918 3901 1106 3993 praesbyter
1122 3897 1242 3969 Sancti
1262 3897 1329 3968 Ca-

189 4016 271 4099 toci,
289 4014 421 4109 Joseph
440 4017 562 4088 doctor
578 4017 709 4100 Catoci,
729 4016 837 4087 Gurci
854 4017 1042 4110 praesbyter
1057 4014 1178 4085 Sancti
1196 4013 1327 4096 Oatoci,

190 4131 405 4204 Benedictus
428 4135 617 4228 praesbyter
642 4133 818 4217 Bassalec3
846 4134 889 4204 de
914 4133 1018 4215 laicis,
1043 4132 1212 4202 Caratauc
1237 4129 1328 4213 Rex,

191 4249 362 4322 Caratauc
384 4249 475 4321 filius
498 4249 650 4333 Gulbrit,
665 4250 835 4322 Caratauc
855 4249 947 4320 filius
964 4248 1208 4342 Riuguallaun,
1223 4245 1330 4316 Mou-

184 4368 238 4437 ric
258 4368 354 4438 filius
372 4366 541 4450 Guronui,
565 4366 681 4439 Jouan
704 4375 742 4438 et
759 4365 875 4437 Seisill
897 4365 959 4436 filii
976 4363 1114 4448 Arthal,
1137 4363 1215 4432 Mei
1237 4361 1329 4431 filius

191 4483 365 4581 Episcopi,
380 4484 628 4578 Berdicguent‚
643 4483 834 4567 Ibirrfirith,
845 4481 989 4554 Judhail
1001 4482 1092 4552 filius
1101 4479 1250 4562 Teudur,
1263 4477 1329 4548 Ca·

427 4775 586 4831 ¹Edelictoo.
606 4775 638 4830 0.
674 4775 763 4828 ²Sunt
780 4773 861 4829 deest.
880 4773 913 4829 0.
948 4773 1042 4840 tnjm.
1060 4770 1093 4824 0.
