3336 5810
407 787 481 862 274
873 795 1072 846 neruumx.

457 971 531 1070 [7.]
559 968 724 1042 Ostendit
744 965 812 1036 ista
832 962 1040 1057 conscripsio
1062 961 1282 1033 nobilitatem
1298 983 1453 1034 munaur
1469 964 1549 1033 med

405 1089 553 1164 diminih
569 1095 606 1159 ct
618 1105 815 1157 mensuram
828 1081 903 1152 eius
915 1104 959 1174 ap
1010 1087 1027 1118 ⁴
1078 1077 1095 1108 ⁴
1145 1075 1305 1150 hoerdie¹
1322 1077 1428 1173 guid²
1445 1103 1549 1151 maun

405 1205 555 1280 ditoldar
570 1203 677 1297 iuguc
694 1199 765 1272 eliu
781 1223 803 1270 a
819 1195 915 1270 elau³
932 1198 968 1268 di
987 1197 1035 1268 rit
1055 1195 1173 1267 celifiu
1194 1195 1281 1266 diiih
1298 1219 1319 1266 o
1335 1218 1444 1267 mour
1460 1197 1547 1267 dibir

406 1325 501 1396 mun
513 1323 550 1392 n
562 1319 691 1393 braun.
748 1323 752 1335 ·
927 1295 929 1306 '

457 1705 514 1777 De
535 1703 666 1776 Codice
690 1694 960 1790 Evangeliorum
983 1692 1066 1764 MS.
1092 1691 1257 1764 Ecclesiae
1283 1694 1547 1780 Lichfeldensis,

409 1820 627 1893 Humfredus
639 1813 794 1907 Wanley
809 1812 845 1881 iu
859 1809 1029 1904 Catalogo
1046 1809 1365 1884 Historico-critico
1384 1814 1546 1886 librorum

408 1945 567 2009 veterum
589 1928 922 2026 septentrionalium,
946 1926 1035 1997 libro
1057 1926 1168 1998 altero
1190 1927 1359 2002 Thesauri
1383 1931 1546 2024 Antiquae

409 2054 615 2125 Litemturae
641 2043 940 2141 Septentrioualis
962 2042 1120 2127 Oxoniae,
1146 2044 1253 2130 1705,
1276 2069 1335 2141 pp.
1358 2049 1444 2147 289,
1466 2047 1544 2128 290,

410 2171 462 2242 ita
477 2167 623 2261 scripsit.

459 2404 540 2475 Hoc
559 2404 597 2472 in
623 2399 754 2472 Codice
776 2404 966 2469 cernuntur
994 2392 1252 2468 Aduotationes
1275 2400 1543 2495 quamplurima,

410 2530 487 2593 tum
509 2543 626 2592 rerum
647 2526 725 2587 tum
752 2514 942 2594 nominum,
959 2519 1034 2582 tam
1056 2511 1259 2584 Britannice
1285 2539 1394 2608 quam
1418 2516 1545 2610 Anglo-

411 2638 593 2718 Saxonice,
617 2635 746 2728 quippe
768 2631 829 2724 qui
850 2628 1027 2723 peculium
1045 2628 1115 2698 fuit
1133 2627 1371 2704 banderensis
1389 2632 1544 2704 Ecclesia

410 2754 501 2848 apud
520 2752 698 2832 Gambros,
715 2755 904 2838 antequam
925 2747 963 2815 in
980 2743 1175 2815 Ecclesiam
1198 2747 1380 2819 devenerit
1402 2746 1545 2820 Lichfel·

411 2872 564 2951 densem,
581 2865 643 2935 ubi
660 2887 751 2934 nunc
763 2863 974 2944 adservatur,
987 2861 1174 2954 inscriptus
1186 2861 1336 2935 Tsxuus
1351 2865 1389 2936 S.
1404 2865 1543 2942 crona

410 2985 504 3055 illius
522 2981 689 3053 Ecclesia
708 2978 861 3049 Patroni.

460 3098 510 3170 Et
528 3099 571 3169 de
587 3097 683 3166 hisce
699 3095 808 3166 etiam
824 3091 1123 3165 Adnotationibus
1143 3117 1189 3166 ex
1211 3095 1321 3167 literis
1338 3099 1405 3168 viri
1428 3095 1545 3168 doctis-

411 3217 499 3299 simi,
523 3222 561 3286 et
577 3211 826 3304 antiquitatum
845 3209 1127 3281 Britannicarum
1150 3211 1293 3283 cultoris
1316 3213 1422 3310 longe
1444 3214 1544 3285 scieu-

411 3331 539 3405 tiasimi
555 3329 601 3401 D.
619 3327 782 3399 Edwardi
801 3326 950 3421 Lhuydi‚
969 3325 1097 3398 Musaei
1114 3326 1345 3400 Ashmoleaui
1362 3334 1400 3404 in
1416 3329 1544 3402 Acade·

410 3451 484 3522 mia
508 3445 701 3522 Oxoniensi
730 3443 894 3515 Custodia
920 3444 1121 3538 dignissimi,
1152 3445 1197 3515 ad
1225 3447 1411 3532 medatis,
1437 3442 1543 3536 accepi

413 3569 519 3639 verba
530 3564 592 3636 illa
603 3563 648 3634 ad
660 3582 844 3633 numerum
860 3557 933 3656 [2.]
951 3560 1080 3653 scripta
1090 3561 1139 3631 sic
1150 3571 1307 3654 exparte
1317 3563 1545 3634 reddenda·-

413 3682 600 3754 “Surrexit
615 3677 804 3772 Tydelch
819 3677 911 3748 filius
927 3677 1097 3760 tinctoris,
1119 3685 1157 3748 et
1176 3674 1201 3747 J
1202 3680 1365 3750 anuarius
1387 3677 1542 3755 Eremits,

414 3809 455 3871 ut
477 3798 693 3893 postularent
713 3803 842 3866 terram
860 3792 1004 3876 Teliaui,
1032 3817 1108 3886 quae
1135 3795 1269 3864 eratin
1284 3817 1393 3866 manu
1419 3788 1544 3865 Elcovii

412 3916 476 3985 filii
494 3914 633 4007 Gelhig‚
650 3909 736 3981 &c.''
752 3935 823 3983 una
842 3933 923 3980 cum
945 3911 1100 3981 versione
1122 3909 1405 3984 Adnotationum
1425 3907 1494 4006 [3.]
1511 3913 1544 3976 et

419 4028 492 4127 [4.]
512 4052 588 4122 quae
604 4029 655 4099 ita
670 4037 779 4099 sonat.

469 4262 542 4362 [3.]
567 4262 763 4334 “Ostendit
784 4265 851 4332 ista
871 4261 1012 4354 scriptio
1037 4261 1131 4354 quod
1158 4261 1330 4332 dederunt
1356 4263 1489 4334 Rhesus
1511 4262 1545 4324 et

417 4381 549 4453 familia
582 4380 708 4452 Grethi
744 4374 1015 4472 Trev-wyddog⁴
1048 4399 1118 4470 quo
1141 4377 1213 4446 itur
1237 4379 1282 4448 ad
1307 4376 1542 4452 confluentiam

453 4701 514 4757 ¹Sic
526 4701 587 4758 MS.
605 4701 728 4757 huerdlio.
741 4697 789 4754 W.
807 4699 922 4754 onaan.
941 4695 980 4752 Η.
1025 4693 1128 4756 ²Qatd.
1147 4694 1185 4750 H.
1234 4697 1329 4753 mint.
1348 4697 1386 4753 H.
1431 4693 1544 4750 momen

417 4789 477 4844 loci.
