<?xml version="1.0" encoding="UTF-8"?>
<!DOCTYPE html PUBLIC "-//W3C//DTD XHTML 1.0 Transitional//EN"
    "http://www.w3.org/TR/xhtml1/DTD/xhtml1-transitional.dtd">
<html xmlns="http://www.w3.org/1999/xhtml" xml:lang="en" lang="en">
 <head>
  <title>
</title>
<meta http-equiv="Content-Type" content="text/html;charset=utf-8" />
  <meta name='ocr-system' content='tesseract 3.04.00' />
  <meta name='ocr-capabilities' content='ocr_page ocr_carea ocr_par ocr_line ocrx_word'/>
</head>
<body>
  <div class='ocr_page' id='page_1' title='image "./liberlandavensi00reesgoog/liberlandavensi00reesgoog_0152.png"; bbox 0 0 3316 5796; ppageno 0'>
   <div class='ocr_carea' id='block_1_1' title="bbox 387 824 1147 894">
    <p class='ocr_par' dir='ltr' id='par_1_1' title="bbox 387 824 1147 894">
     <span class='ocr_line' id='line_1_1' title="bbox 387 824 1147 894; baseline 0 -8"><span class='ocrx_word' id='word_1_1' title='bbox 387 824 433 894; x_wconf 89' lang='grc'><strong>96</strong></span> <span class='ocrx_word' id='word_1_2' title='bbox 758 835 866 887; x_wconf 78' lang='lat' dir='ltr'><strong>uranu</strong></span> <span class='ocrx_word' id='word_1_3' title='bbox 890 835 1147 888; x_wconf 75' lang='lat' dir='ltr'><strong>nsunavnusm.</strong></span> 
     </span>
    </p>
   </div>
   <div class='ocr_carea' id='block_1_2' title="bbox 383 1001 1564 4472">
    <p class='ocr_par' dir='ltr' id='par_1_2' title="bbox 383 1001 1564 3869">
     <span class='ocr_line' id='line_1_2' title="bbox 436 1001 1520 1097; baseline 0.002 -19"><span class='ocrx_word' id='word_1_4' title='bbox 436 1005 545 1079; x_wconf 90' lang='lat' dir='ltr'><strong>VIII.</strong></span> <span class='ocrx_word' id='word_1_5' title='bbox 563 1002 770 1096; x_wconf 87' lang='lat' dir='ltr'><strong>¹Postquam</strong></span> <span class='ocrx_word' id='word_1_6' title='bbox 783 1025 866 1072; x_wconf 90' lang='lat' dir='ltr'><strong>vero</strong></span> <span class='ocrx_word' id='word_1_7' title='bbox 879 1001 976 1072; x_wconf 91' lang='lat' dir='ltr'><strong>Deus</strong></span> <span class='ocrx_word' id='word_1_8' title='bbox 988 1001 1065 1072; x_wconf 87' lang='lat' dir='ltr'><strong>illas</strong></span> <span class='ocrx_word' id='word_1_9' title='bbox 1077 1004 1269 1097; x_wconf 87' lang='lat' dir='ltr'><strong>impudicas</strong></span> <span class='ocrx_word' id='word_1_10' title='bbox 1281 1006 1444 1080; x_wconf 83' lang='lat' dir='ltr'><strong>mulieres</strong></span> <span class='ocrx_word' id='word_1_11' title='bbox 1456 1009 1520 1080; x_wconf 85' lang='lat' dir='ltr'><strong>tali</strong></span> 
     </span>
     <span class='ocr_line' id='line_1_3' title="bbox 385 1119 1520 1220; baseline 0.001 -26"><span class='ocrx_word' id='word_1_12' title='bbox 385 1121 632 1194; x_wconf 90' lang='lat' dir='ltr'><strong>immedicabili</strong></span> <span class='ocrx_word' id='word_1_13' title='bbox 642 1119 825 1214; x_wconf 91' lang='lat' dir='ltr'><strong>opprobrio</strong></span> <span class='ocrx_word' id='word_1_14' title='bbox 836 1119 1043 1211; x_wconf 78' lang='lat' dir='ltr'><strong>deturpavit,</strong></span> <span class='ocrx_word' id='word_1_15' title='bbox 1054 1119 1195 1190; x_wconf 88' lang='lat' dir='ltr'><strong>eosdem</strong></span> <span class='ocrx_word' id='word_1_16' title='bbox 1205 1129 1341 1193; x_wconf 88' lang='lat' dir='ltr'><strong>sanctos</strong></span> <span class='ocrx_word' id='word_1_17' title='bbox 1352 1120 1520 1220; x_wconf 65' lang='lat' dir='ltr'><strong>pessliud</strong></span> 
     </span>
     <span class='ocr_line' id='line_1_4' title="bbox 385 1235 1521 1334; baseline -0.001 -23"><span class='ocrx_word' id='word_1_18' title='bbox 385 1262 472 1334; x_wconf 88' lang='lat' dir='ltr'><strong>opus</strong></span> <span class='ocrx_word' id='word_1_19' title='bbox 483 1237 650 1320; x_wconf 74' lang='lat' dir='ltr'><strong>mirabile,</strong></span> <span class='ocrx_word' id='word_1_20' title='bbox 665 1245 702 1307; x_wconf 90' lang='lat' dir='ltr'><strong>et</strong></span> <span class='ocrx_word' id='word_1_21' title='bbox 713 1236 858 1330; x_wconf 82' lang='lat' dir='ltr'><strong>dignum</strong></span> <span class='ocrx_word' id='word_1_22' title='bbox 874 1243 1078 1318; x_wconf 88' lang='lat' dir='ltr'><strong>memoratu,</strong></span> <span class='ocrx_word' id='word_1_23' title='bbox 1092 1235 1275 1307; x_wconf 86' lang='lat' dir='ltr'><strong>decoravit.</strong></span> <span class='ocrx_word' id='word_1_24' title='bbox 1327 1237 1367 1308; x_wconf 97' lang='lat' dir='ltr'>N</span> <span class='ocrx_word' id='word_1_25' title='bbox 1367 1262 1426 1310; x_wconf 86' lang='lat' dir='ltr'><strong>am</strong></span> <span class='ocrx_word' id='word_1_26' title='bbox 1438 1263 1521 1310; x_wconf 92' lang='lat' dir='ltr'><strong>cum</strong></span> 
     </span>
     <span class='ocr_line' id='line_1_5' title="bbox 384 1350 1521 1450; baseline -0.003 -22"><span class='ocrx_word' id='word_1_27' title='bbox 384 1356 507 1428; x_wconf 90' lang='lat' dir='ltr'><strong>beatus</strong></span> <span class='ocrx_word' id='word_1_28' title='bbox 528 1353 690 1425; x_wconf 83' lang='lat' dir='ltr'><strong>Teliauus</strong></span> <span class='ocrx_word' id='word_1_29' title='bbox 710 1360 748 1423; x_wconf 91' lang='lat' dir='ltr'><strong>et</strong></span> <span class='ocrx_word' id='word_1_30' title='bbox 770 1350 954 1421; x_wconf 88' lang='lat' dir='ltr'><strong>Maidocus</strong></span> <span class='ocrx_word' id='word_1_31' title='bbox 975 1351 1012 1420; x_wconf 95' lang='lat' dir='ltr'><strong>in</strong></span> <span class='ocrx_word' id='word_1_32' title='bbox 1032 1352 1121 1422; x_wconf 91' lang='lat' dir='ltr'><strong>atrio</strong></span> <span class='ocrx_word' id='word_1_33' title='bbox 1141 1354 1338 1424; x_wconf 83' lang='lat' dir='ltr'><strong>monasterii</strong></span> <span class='ocrx_word' id='word_1_34' title='bbox 1363 1377 1435 1425; x_wconf 92' lang='lat' dir='ltr'><strong>non</strong></span> <span class='ocrx_word' id='word_1_35' title='bbox 1455 1356 1521 1450; x_wconf 83' lang='lat' dir='ltr'><strong>fig-</strong></span> 
     </span>
     <span class='ocr_line' id='line_1_6' title="bbox 385 1467 1564 1564; baseline 0 -21"><span class='ocrx_word' id='word_1_36' title='bbox 385 1481 506 1544; x_wconf 90' lang='lat' dir='ltr'><strong>menta</strong></span> <span class='ocrx_word' id='word_1_37' title='bbox 521 1477 711 1564; x_wconf 80' lang='lat' dir='ltr'><strong>poetarum</strong></span> <span class='ocrx_word' id='word_1_38' title='bbox 725 1489 791 1538; x_wconf 90' lang='lat' dir='ltr'><strong>nec</strong></span> <span class='ocrx_word' id='word_1_39' title='bbox 803 1475 962 1537; x_wconf 89' lang='lat' dir='ltr'><strong>veterum</strong></span> <span class='ocrx_word' id='word_1_40' title='bbox 978 1467 1136 1538; x_wconf 78' lang='lat' dir='ltr'><strong>historias</strong></span> <span class='ocrx_word' id='word_1_41' title='bbox 1153 1468 1316 1563; x_wconf 82' lang='lat' dir='ltr'><strong>legerent,</strong></span> <span class='ocrx_word' id='word_1_42' title='bbox 1333 1471 1405 1542; x_wconf 92' lang='lat' dir='ltr'><strong>imo</strong></span> <span class='ocrx_word' id='word_1_43' title='bbox 1417 1470 1443 1541; x_wconf 89' lang='lat' dir='ltr'>J</span> <span class='ocrx_word' id='word_1_44' title='bbox 1444 1496 1523 1543; x_wconf 93' lang='lat' dir='ltr'><strong>ere-</strong></span> <span class='ocrx_word' id='word_1_45' title='bbox 1551 1471 1564 1501; x_wconf 76' lang='lat'><em>⁶</em></span> 
     </span>
     <span class='ocr_line' id='line_1_7' title="bbox 385 1583 1522 1682; baseline -0.002 -22"><span class='ocrx_word' id='word_1_46' title='bbox 385 1591 464 1660; x_wconf 88' lang='lat' dir='ltr'><strong>miae</strong></span> <span class='ocrx_word' id='word_1_47' title='bbox 490 1587 667 1682; x_wconf 86' lang='lat' dir='ltr'><strong>prophetae</strong></span> <span class='ocrx_word' id='word_1_48' title='bbox 694 1583 986 1666; x_wconf 73' lang='lat' dir='ltr'><strong>Lamentationes</strong></span> <span class='ocrx_word' id='word_1_49' title='bbox 1017 1591 1057 1653; x_wconf 91' lang='lat' dir='ltr'><strong>ut</strong></span> <span class='ocrx_word' id='word_1_50' title='bbox 1083 1606 1200 1655; x_wconf 85' lang='lat' dir='ltr'><strong>amore</strong></span> <span class='ocrx_word' id='word_1_51' title='bbox 1225 1584 1373 1657; x_wconf 90' lang='lat' dir='ltr'><strong>coelestis</strong></span> <span class='ocrx_word' id='word_1_52' title='bbox 1397 1589 1522 1680; x_wconf 79' lang='lat' dir='ltr'><strong>patriae</strong></span> 
     </span>
     <span class='ocr_line' id='line_1_8' title="bbox 385 1700 1520 1800; baseline -0.003 -23"><span class='ocrx_word' id='word_1_53' title='bbox 385 1705 496 1800; x_wconf 85' lang='lat' dir='ltr'><strong>magis</strong></span> <span class='ocrx_word' id='word_1_54' title='bbox 515 1703 800 1783; x_wconf 81' lang='lat' dir='ltr'><strong>accenderentur3</strong></span> <span class='ocrx_word' id='word_1_55' title='bbox 825 1700 1025 1792; x_wconf 79' lang='lat' dir='ltr'><strong>supervenit</strong></span> <span class='ocrx_word' id='word_1_56' title='bbox 1041 1700 1183 1792; x_wconf 91' lang='lat' dir='ltr'><strong>quidam</strong></span> <span class='ocrx_word' id='word_1_57' title='bbox 1203 1700 1362 1786; x_wconf 88' lang='lat' dir='ltr'><strong>famulus,</strong></span> <span class='ocrx_word' id='word_1_58' title='bbox 1389 1704 1520 1788; x_wconf 91' lang='lat' dir='ltr'><strong>dicens,</strong></span> 
     </span>
     <span class='ocr_line' id='line_1_9' title="bbox 384 1815 1521 1917; baseline -0.002 -24"><span class='ocrx_word' id='word_1_59' title='bbox 384 1823 479 1917; x_wconf 84' lang='lat' dir='ltr'><strong>ligna</strong></span> <span class='ocrx_word' id='word_1_60' title='bbox 501 1822 630 1902; x_wconf 81' lang='lat' dir='ltr'>deesse,</span> <span class='ocrx_word' id='word_1_61' title='bbox 651 1818 776 1911; x_wconf 90' lang='lat' dir='ltr'><strong>quibus</strong></span> <span class='ocrx_word' id='word_1_62' title='bbox 796 1839 895 1886; x_wconf 91' lang='lat' dir='ltr'><strong>coena</strong></span> <span class='ocrx_word' id='word_1_63' title='bbox 915 1815 1061 1886; x_wconf 83' lang='lat' dir='ltr'><strong>fratrum</strong></span> <span class='ocrx_word' id='word_1_64' title='bbox 1081 1819 1263 1909; x_wconf 70' lang='lat' dir='ltr'><strong>praeparari</strong></span> <span class='ocrx_word' id='word_1_65' title='bbox 1282 1828 1409 1912; x_wconf 89' lang='lat' dir='ltr'><strong>posset.</strong></span> <span class='ocrx_word' id='word_1_66' title='bbox 1459 1820 1521 1891; x_wconf 94' lang='lat' dir='ltr'><strong>Illi</strong></span> 
     </span>
     <span class='ocr_line' id='line_1_10' title="bbox 385 1931 1521 2029; baseline -0.004 -20"><span class='ocrx_word' id='word_1_67' title='bbox 385 1946 504 2009; x_wconf 86' lang='lat' dir='ltr'><strong>autem</strong></span> <span class='ocrx_word' id='word_1_68' title='bbox 520 1937 587 2007; x_wconf 92' lang='lat' dir='ltr'><strong>hoc</strong></span> <span class='ocrx_word' id='word_1_69' title='bbox 603 1931 692 2028; x_wconf 71' lang='lat' dir='ltr'><strong>aegre</strong></span> <span class='ocrx_word' id='word_1_70' title='bbox 708 1933 868 2014; x_wconf 87' lang='lat' dir='ltr'><strong>ferentes,</strong></span> <span class='ocrx_word' id='word_1_71' title='bbox 886 1954 956 2003; x_wconf 95' lang='lat' dir='ltr'><strong>non</strong></span> <span class='ocrx_word' id='word_1_72' title='bbox 973 1933 1054 2024; x_wconf 92' lang='lat' dir='ltr'><strong>quia</strong></span> <span class='ocrx_word' id='word_1_73' title='bbox 1070 1933 1106 2001; x_wconf 92' lang='lat' dir='ltr'><strong>in</strong></span> <span class='ocrx_word' id='word_1_74' title='bbox 1123 1934 1287 2026; x_wconf 90' lang='lat' dir='ltr'><strong>obsequio</strong></span> <span class='ocrx_word' id='word_1_75' title='bbox 1305 1935 1448 2006; x_wconf 75' lang='lat' dir='ltr'><strong>fratrum</strong></span> <span class='ocrx_word' id='word_1_76' title='bbox 1464 1938 1521 2029; x_wconf 91' lang='lat' dir='ltr'><strong>pi-</strong></span> 
     </span>
     <span class='ocr_line' id='line_1_11' title="bbox 384 2045 1520 2148; baseline 0 -25"><span class='ocrx_word' id='word_1_77' title='bbox 384 2054 562 2148; x_wconf 84' lang='lat' dir='ltr'><strong>gritarent,</strong></span> <span class='ocrx_word' id='word_1_78' title='bbox 588 2050 649 2121; x_wconf 92' lang='lat' dir='ltr'><strong>sed</strong></span> <span class='ocrx_word' id='word_1_79' title='bbox 674 2051 755 2142; x_wconf 92' lang='lat' dir='ltr'><strong>quia</strong></span> <span class='ocrx_word' id='word_1_80' title='bbox 779 2049 824 2119; x_wconf 89' lang='lat' dir='ltr'><strong>ad</strong></span> <span class='ocrx_word' id='word_1_81' title='bbox 847 2045 1122 2141; x_wconf 77' lang='lat' dir='ltr'><strong>praeparandam²</strong></span> <span class='ocrx_word' id='word_1_82' title='bbox 1146 2050 1358 2122; x_wconf 87' lang='lat' dir='ltr'><strong>confratrum</strong></span> <span class='ocrx_word' id='word_1_83' title='bbox 1382 2075 1520 2124; x_wconf 89' lang='lat' dir='ltr'><strong>coenam</strong></span> 
     </span>
     <span class='ocr_line' id='line_1_12' title="bbox 387 2165 1519 2262; baseline -0.001 -22"><span class='ocrx_word' id='word_1_84' title='bbox 387 2165 593 2262; x_wconf 73' lang='lat' dir='ltr'><strong>tempestive</strong></span> <span class='ocrx_word' id='word_1_85' title='bbox 606 2168 650 2238; x_wconf 91' lang='lat' dir='ltr'><strong>de</strong></span> <span class='ocrx_word' id='word_1_86' title='bbox 662 2166 749 2236; x_wconf 86' lang='lat' dir='ltr'><strong>silva</strong></span> <span class='ocrx_word' id='word_1_87' title='bbox 765 2188 834 2235; x_wconf 95' lang='lat' dir='ltr'><strong>non</strong></span> <span class='ocrx_word' id='word_1_88' title='bbox 850 2172 991 2257; x_wconf 84' lang='lat' dir='ltr'><strong>possent</strong></span> <span class='ocrx_word' id='word_1_89' title='bbox 1007 2167 1149 2249; x_wconf 86' lang='lat' dir='ltr'><strong>reverti;</strong></span> <span class='ocrx_word' id='word_1_90' title='bbox 1174 2167 1283 2238; x_wconf 89' lang='lat' dir='ltr'><strong>nimia</strong></span> <span class='ocrx_word' id='word_1_91' title='bbox 1299 2167 1519 2240; x_wconf 88' lang='lat' dir='ltr'><strong>festinatione</strong></span> 
     </span>
     <span class='ocr_line' id='line_1_13' title="bbox 384 2280 1519 2378; baseline 0.001 -23"><span class='ocrx_word' id='word_1_92' title='bbox 384 2292 612 2378; x_wconf 85' lang='lat' dir='ltr'><strong>perrexerunt</strong></span> <span class='ocrx_word' id='word_1_93' title='bbox 636 2283 682 2355; x_wconf 88' lang='lat' dir='ltr'><strong>ad</strong></span> <span class='ocrx_word' id='word_1_94' title='bbox 707 2305 858 2353; x_wconf 82' lang='lat' dir='ltr'><strong>nemora</strong></span> <span class='ocrx_word' id='word_1_95' title='bbox 913 2280 1050 2365; x_wconf 82' lang='lat' dir='ltr'><strong>Quibus</strong></span> <span class='ocrx_word' id='word_1_96' title='bbox 1076 2283 1226 2376; x_wconf 79' lang='lat' dir='ltr'><strong>graviter</strong></span> <span class='ocrx_word' id='word_1_97' title='bbox 1252 2282 1519 2356; x_wconf 74' lang='lat' dir='ltr'><strong>sollicitantibus</strong></span> 
     </span>
     <span class='ocr_line' id='line_1_14' title="bbox 386 2397 1520 2496; baseline -0.001 -24"><span class='ocrx_word' id='word_1_98' title='bbox 386 2401 535 2496; x_wconf 78' lang='lat' dir='ltr'><strong>qualiter</strong></span> <span class='ocrx_word' id='word_1_99' title='bbox 550 2403 620 2472; x_wconf 94' lang='lat' dir='ltr'><strong>cito</strong></span> <span class='ocrx_word' id='word_1_100' title='bbox 637 2400 798 2481; x_wconf 87' lang='lat' dir='ltr'><strong>redirent,</strong></span> <span class='ocrx_word' id='word_1_101' title='bbox 816 2405 853 2469; x_wconf 91' lang='lat' dir='ltr'><strong>et</strong></span> <span class='ocrx_word' id='word_1_102' title='bbox 869 2397 1018 2490; x_wconf 81' lang='lat' dir='ltr'><strong>qualiter</strong></span> <span class='ocrx_word' id='word_1_103' title='bbox 1033 2405 1172 2468; x_wconf 91' lang='lat' dir='ltr'><strong>tantum</strong></span> <span class='ocrx_word' id='word_1_104' title='bbox 1187 2399 1361 2493; x_wconf 83' lang='lat' dir='ltr'><strong>lignorum</strong></span> <span class='ocrx_word' id='word_1_105' title='bbox 1377 2409 1520 2495; x_wconf 85' lang='lat' dir='ltr'><strong>possent</strong></span> 
     </span>
     <span class='ocr_line' id='line_1_15' title="bbox 386 2512 1519 2611; baseline -0.002 -21"><span class='ocrx_word' id='word_1_106' title='bbox 386 2519 529 2602; x_wconf 88' lang='lat' dir='ltr'><strong>deferre,</strong></span> <span class='ocrx_word' id='word_1_107' title='bbox 550 2517 644 2611; x_wconf 92' lang='lat' dir='ltr'><strong>quod</strong></span> <span class='ocrx_word' id='word_1_108' title='bbox 663 2517 701 2586; x_wconf 93' lang='lat' dir='ltr'><strong>in</strong></span> <span class='ocrx_word' id='word_1_109' title='bbox 720 2515 850 2586; x_wconf 87' lang='lat' dir='ltr'><strong>multos</strong></span> <span class='ocrx_word' id='word_1_110' title='bbox 870 2514 943 2584; x_wconf 93' lang='lat' dir='ltr'><strong>dies</strong></span> <span class='ocrx_word' id='word_1_111' title='bbox 960 2512 1117 2585; x_wconf 89' lang='lat' dir='ltr'><strong>sufficere</strong></span> <span class='ocrx_word' id='word_1_112' title='bbox 1132 2523 1248 2608; x_wconf 88' lang='lat' dir='ltr'><strong>posset</strong></span> <span class='ocrx_word' id='word_1_113' title='bbox 1268 2517 1313 2587; x_wconf 89' lang='lat' dir='ltr'><strong>ad</strong></span> <span class='ocrx_word' id='word_1_114' title='bbox 1330 2540 1415 2610; x_wconf 93' lang='lat' dir='ltr'><strong>opus</strong></span> <span class='ocrx_word' id='word_1_115' title='bbox 1430 2541 1519 2611; x_wconf 83' lang='lat' dir='ltr'><strong>prae-</strong></span> 
     </span>
     <span class='ocr_line' id='line_1_16' title="bbox 386 2631 1519 2729; baseline -0.001 -23"><span class='ocrx_word' id='word_1_116' title='bbox 386 2636 625 2729; x_wconf 83' lang='lat' dir='ltr'><strong>parandorum,</strong></span> <span class='ocrx_word' id='word_1_117' title='bbox 643 2639 813 2726; x_wconf 87' lang='lat' dir='ltr'><strong>quatenus</strong></span> <span class='ocrx_word' id='word_1_118' title='bbox 833 2638 955 2724; x_wconf 87' lang='lat' dir='ltr'><strong>postea</strong></span> <span class='ocrx_word' id='word_1_119' title='bbox 974 2653 1077 2701; x_wconf 83' lang='lat' dir='ltr'><strong>sacrae</strong></span> <span class='ocrx_word' id='word_1_120' title='bbox 1093 2631 1233 2702; x_wconf 89' lang='lat' dir='ltr'><strong>lectioni</strong></span> <span class='ocrx_word' id='word_1_121' title='bbox 1250 2641 1287 2702; x_wconf 90' lang='lat' dir='ltr'><strong>et</strong></span> <span class='ocrx_word' id='word_1_122' title='bbox 1304 2634 1519 2705; x_wconf 89' lang='lat' dir='ltr'><strong>orationibus</strong></span> 
     </span>
     <span class='ocr_line' id='line_1_17' title="bbox 387 2746 1519 2845; baseline 0 -23"><span class='ocrx_word' id='word_1_123' title='bbox 387 2753 517 2822; x_wconf 87' lang='lat' dir='ltr'><strong>diutius</strong></span> <span class='ocrx_word' id='word_1_124' title='bbox 538 2757 679 2845; x_wconf 89' lang='lat' dir='ltr'><strong>possent</strong></span> <span class='ocrx_word' id='word_1_125' title='bbox 700 2748 871 2829; x_wconf 84' lang='lat' dir='ltr'><strong>insistere3</strong></span> <span class='ocrx_word' id='word_1_126' title='bbox 897 2746 967 2816; x_wconf 92' lang='lat' dir='ltr'><strong>duo</strong></span> <span class='ocrx_word' id='word_1_127' title='bbox 984 2747 1118 2841; x_wconf 86' lang='lat' dir='ltr'><strong>bijuges</strong></span> <span class='ocrx_word' id='word_1_128' title='bbox 1136 2749 1228 2818; x_wconf 90' lang='lat' dir='ltr'><strong>cervi</strong></span> <span class='ocrx_word' id='word_1_129' title='bbox 1248 2752 1519 2822; x_wconf 85' lang='lat' dir='ltr'><strong>mansuetissimi</strong></span> 
     </span>
     <span class='ocr_line' id='line_1_18' title="bbox 388 2863 1518 2961; baseline -0.002 -23"><span class='ocrx_word' id='word_1_130' title='bbox 388 2875 620 2949; x_wconf 89' lang='lat' dir='ltr'><strong>occurrerunt,</strong></span> <span class='ocrx_word' id='word_1_131' title='bbox 632 2874 668 2937; x_wconf 90' lang='lat' dir='ltr'><strong>et</strong></span> <span class='ocrx_word' id='word_1_132' title='bbox 681 2863 770 2934; x_wconf 86' lang='lat' dir='ltr'><strong>oolla</strong></span> <span class='ocrx_word' id='word_1_133' title='bbox 782 2864 975 2956; x_wconf 77' lang='lat' dir='ltr'><strong>prebentes</strong></span> <span class='ocrx_word' id='word_1_134' title='bbox 983 2864 1028 2934; x_wconf 87' lang='lat' dir='ltr'><strong>ad</strong></span> <span class='ocrx_word' id='word_1_135' title='bbox 1037 2865 1290 2958; x_wconf 87' lang='lat' dir='ltr'><strong>subjugandum</strong></span> <span class='ocrx_word' id='word_1_136' title='bbox 1302 2865 1385 2961; x_wconf 84' lang='lat' dir='ltr'><strong>(Dei</strong></span> <span class='ocrx_word' id='word_1_137' title='bbox 1396 2865 1518 2958; x_wconf 85' lang='lat' dir='ltr'><strong>nutu³)</strong></span> 
     </span>
     <span class='ocr_line' id='line_1_19' title="bbox 387 2961 1520 3076; baseline 0.004 -24"><span class='ocrx_word' id='word_1_138' title='bbox 387 2961 566 3053; x_wconf 78' lang='lat' dir='ltr'><strong>servitium</strong></span> <span class='ocrx_word' id='word_1_139' title='bbox 583 2982 814 3075; x_wconf 78' lang='lat' dir='ltr'><strong>praebuerrmt,</strong></span> <span class='ocrx_word' id='word_1_140' title='bbox 831 2981 929 3072; x_wconf 89' lang='lat' dir='ltr'><strong>quasi</strong></span> <span class='ocrx_word' id='word_1_141' title='bbox 946 2980 1110 3063; x_wconf 79' lang='lat' dir='ltr'><strong>dicerent,</strong></span> <span class='ocrx_word' id='word_1_142' title='bbox 1137 2980 1258 3052; x_wconf 89' lang='lat' dir='ltr'><strong>“Dens</strong></span> <span class='ocrx_word' id='word_1_143' title='bbox 1275 2983 1393 3054; x_wconf 85' lang='lat' dir='ltr'><strong>videns</strong></span> <span class='ocrx_word' id='word_1_144' title='bbox 1411 3007 1520 3076; x_wconf 84' lang='lat' dir='ltr'><strong>quara</strong></span> 
     </span>
     <span class='ocr_line' id='line_1_20' title="bbox 386 3095 1520 3182; baseline 0.001 -13"><span class='ocrx_word' id='word_1_145' title='bbox 386 3097 563 3169; x_wconf 75' lang='lat' dir='ltr'><strong>“sollicite</strong></span> <span class='ocrx_word' id='word_1_146' title='bbox 588 3095 686 3182; x_wconf 85' lang='lat' dir='ltr'><strong>sitis,⁴</strong></span> <span class='ocrx_word' id='word_1_147' title='bbox 710 3098 809 3168; x_wconf 86' lang='lat' dir='ltr'><strong>exuit</strong></span> <span class='ocrx_word' id='word_1_148' title='bbox 828 3096 928 3168; x_wconf 88' lang='lat' dir='ltr'><strong>nobis</strong></span> <span class='ocrx_word' id='word_1_149' title='bbox 948 3095 1165 3166; x_wconf 91' lang='lat' dir='ltr'><strong>ferocitatem</strong></span> <span class='ocrx_word' id='word_1_150' title='bbox 1187 3105 1348 3181; x_wconf 88' lang='lat' dir='ltr'><strong>nostram,</strong></span> <span class='ocrx_word' id='word_1_151' title='bbox 1372 3100 1520 3171; x_wconf 85' lang='lat' dir='ltr'><strong>etfacit</strong></span> 
     </span>
     <span class='ocr_line' id='line_1_21' title="bbox 386 3212 1519 3307; baseline 0.001 -21"><span class='ocrx_word' id='word_1_152' title='bbox 386 3225 478 3286; x_wconf 93' lang='lat' dir='ltr'><strong>“nos</strong></span> <span class='ocrx_word' id='word_1_153' title='bbox 497 3223 680 3286; x_wconf 89' lang='lat' dir='ltr'><strong>mansueta</strong></span> <span class='ocrx_word' id='word_1_154' title='bbox 698 3236 832 3307; x_wconf 87' lang='lat' dir='ltr'><strong>pecora,</strong></span> <span class='ocrx_word' id='word_1_155' title='bbox 857 3220 899 3282; x_wconf 90' lang='lat' dir='ltr'><strong>ut</strong></span> <span class='ocrx_word' id='word_1_156' title='bbox 920 3212 1073 3282; x_wconf 88' lang='lat' dir='ltr'><strong>laborem</strong></span> <span class='ocrx_word' id='word_1_157' title='bbox 1094 3235 1198 3304; x_wconf 92' lang='lat' dir='ltr'><strong>quem</strong></span> <span class='ocrx_word' id='word_1_158' title='bbox 1220 3236 1280 3284; x_wconf 87' lang='lat' dir='ltr'><strong>vos</strong></span> <span class='ocrx_word' id='word_1_159' title='bbox 1299 3215 1395 3286; x_wconf 89' lang='lat' dir='ltr'><strong>initis</strong></span> <span class='ocrx_word' id='word_1_160' title='bbox 1415 3217 1519 3287; x_wconf 89' lang='lat' dir='ltr'><strong>sube-</strong></span> 
     </span>
     <span class='ocr_line' id='line_1_22' title="bbox 387 3327 1518 3424; baseline -0.002 -21"><span class='ocrx_word' id='word_1_161' title='bbox 387 3332 544 3404; x_wconf 86' lang='lat' dir='ltr'><strong>“amus.”</strong></span> <span class='ocrx_word' id='word_1_162' title='bbox 578 3331 714 3416; x_wconf 88' lang='lat' dir='ltr'><strong>Quibus</strong></span> <span class='ocrx_word' id='word_1_163' title='bbox 725 3330 925 3424; x_wconf 87' lang='lat' dir='ltr'><strong>subjugatis,</strong></span> <span class='ocrx_word' id='word_1_164' title='bbox 938 3327 1126 3400; x_wconf 89' lang='lat' dir='ltr'><strong>laudabant</strong></span> <span class='ocrx_word' id='word_1_165' title='bbox 1139 3329 1339 3414; x_wconf 89' lang='lat' dir='ltr'><strong>Dominum,</strong></span> <span class='ocrx_word' id='word_1_166' title='bbox 1351 3331 1518 3416; x_wconf 87' lang='lat' dir='ltr'><strong>dicentes,</strong></span> 
     </span>
     <span class='ocr_line' id='line_1_23' title="bbox 386 3443 1520 3539; baseline -0.001 -19"><span class='ocrx_word' id='word_1_167' title='bbox 386 3449 628 3520; x_wconf 90' lang='lat' dir='ltr'><strong>“Benedictus</strong></span> <span class='ocrx_word' id='word_1_168' title='bbox 645 3448 752 3530; x_wconf 88' lang='lat' dir='ltr'><strong>Deus,</strong></span> <span class='ocrx_word' id='word_1_169' title='bbox 770 3455 807 3517; x_wconf 90' lang='lat' dir='ltr'><strong>et</strong></span> <span class='ocrx_word' id='word_1_170' title='bbox 823 3455 923 3539; x_wconf 88' lang='lat' dir='ltr'><strong>pater</strong></span> <span class='ocrx_word' id='word_1_171' title='bbox 939 3444 1082 3515; x_wconf 91' lang='lat' dir='ltr'><strong>Domini</strong></span> <span class='ocrx_word' id='word_1_172' title='bbox 1099 3443 1123 3515; x_wconf 89' lang='lat' dir='ltr'><strong>J</strong></span> <span class='ocrx_word' id='word_1_173' title='bbox 1125 3467 1185 3516; x_wconf 92' lang='lat' dir='ltr'><strong>esu</strong></span> <span class='ocrx_word' id='word_1_174' title='bbox 1202 3444 1341 3529; x_wconf 81' lang='lat' dir='ltr'><strong>Christi,</strong></span> <span class='ocrx_word' id='word_1_175' title='bbox 1359 3448 1418 3539; x_wconf 93' lang='lat' dir='ltr'><strong>qui</strong></span> <span class='ocrx_word' id='word_1_176' title='bbox 1434 3450 1520 3519; x_wconf 90' lang='lat' dir='ltr'><strong>mis-</strong></span> 
     </span>
     <span class='ocr_line' id='line_1_24' title="bbox 386 3561 1518 3656; baseline -0.002 -19"><span class='ocrx_word' id='word_1_177' title='bbox 386 3566 615 3638; x_wconf 88' lang='lat' dir='ltr'><strong>“ericorditer</strong></span> <span class='ocrx_word' id='word_1_178' title='bbox 634 3587 749 3636; x_wconf 88' lang='lat' dir='ltr'><strong>servos</strong></span> <span class='ocrx_word' id='word_1_179' title='bbox 768 3585 847 3634; x_wconf 89' lang='lat' dir='ltr'><strong>suos</strong></span> <span class='ocrx_word' id='word_1_180' title='bbox 868 3585 932 3656; x_wconf 92' lang='lat' dir='ltr'><strong>pro</strong></span> <span class='ocrx_word' id='word_1_181' title='bbox 954 3561 1116 3632; x_wconf 83' lang='lat' dir='ltr'><strong>fratribus</strong></span> <span class='ocrx_word' id='word_1_182' title='bbox 1137 3562 1290 3654; x_wconf 86' lang='lat' dir='ltr'><strong>respexit</strong></span> <span class='ocrx_word' id='word_1_183' title='bbox 1311 3562 1518 3648; x_wconf 83' lang='lat' dir='ltr'><strong>laborantes,</strong></span> 
     </span>
     <span class='ocr_line' id='line_1_25' title="bbox 386 3677 1519 3773; baseline -0.001 -21"><span class='ocrx_word' id='word_1_184' title='bbox 386 3682 572 3752; x_wconf 89' lang='lat' dir='ltr'><strong>“faciendo</strong></span> <span class='ocrx_word' id='word_1_185' title='bbox 593 3688 776 3753; x_wconf 87' lang='lat' dir='ltr'><strong>mansueta</strong></span> <span class='ocrx_word' id='word_1_186' title='bbox 795 3702 922 3773; x_wconf 87' lang='lat' dir='ltr'><strong>pecora</strong></span> <span class='ocrx_word' id='word_1_187' title='bbox 945 3678 988 3748; x_wconf 90' lang='lat' dir='ltr'><strong>de</strong></span> <span class='ocrx_word' id='word_1_188' title='bbox 1010 3677 1091 3748; x_wconf 89' lang='lat' dir='ltr'><strong>feris</strong></span> <span class='ocrx_word' id='word_1_189' title='bbox 1113 3678 1286 3762; x_wconf 87' lang='lat' dir='ltr'><strong>silvarum,</strong></span> <span class='ocrx_word' id='word_1_190' title='bbox 1309 3702 1386 3771; x_wconf 86' lang='lat' dir='ltr'><strong>quae</strong></span> <span class='ocrx_word' id='word_1_191' title='bbox 1408 3682 1519 3751; x_wconf 88' lang='lat' dir='ltr'><strong>nostri</strong></span> 
     </span>
     <span class='ocr_line' id='line_1_26' title="bbox 383 3793 978 3869; baseline -0.007 -2"><span class='ocrx_word' id='word_1_192' title='bbox 383 3797 539 3868; x_wconf 87' lang='lat' dir='ltr'><strong>“laboris</strong></span> <span class='ocrx_word' id='word_1_193' title='bbox 555 3799 724 3869; x_wconf 86' lang='lat' dir='ltr'><strong>sarcinam</strong></span> <span class='ocrx_word' id='word_1_194' title='bbox 740 3793 978 3868; x_wconf 84' lang='lat' dir='ltr'><strong>sustinerent.’&#39;</strong></span> 
     </span>
    </p>

    <p class='ocr_par' dir='ltr' id='par_1_3' title="bbox 384 3909 1518 4472">
     <span class='ocr_line' id='line_1_27' title="bbox 436 3909 1518 4004; baseline 0.001 -23"><span class='ocrx_word' id='word_1_195' title='bbox 436 3910 506 3981; x_wconf 91' lang='lat' dir='ltr'><strong>IX.</strong></span> <span class='ocrx_word' id='word_1_196' title='bbox 533 3912 693 4004; x_wconf 81' lang='lat' dir='ltr'><strong>Cumque</strong></span> <span class='ocrx_word' id='word_1_197' title='bbox 710 3913 829 3995; x_wconf 89' lang='lat' dir='ltr'><strong>sancti,</strong></span> <span class='ocrx_word' id='word_1_198' title='bbox 848 3916 990 3983; x_wconf 90' lang='lat' dir='ltr'><strong>onerato</strong></span> <span class='ocrx_word' id='word_1_199' title='bbox 1009 3909 1172 4003; x_wconf 89' lang='lat' dir='ltr'><strong>plaustro,</strong></span> <span class='ocrx_word' id='word_1_200' title='bbox 1194 3912 1335 3982; x_wconf 91' lang='lat' dir='ltr'><strong>domum</strong></span> <span class='ocrx_word' id='word_1_201' title='bbox 1355 3913 1518 3995; x_wconf 89' lang='lat' dir='ltr'><strong>redirent,</strong></span> 
     </span>
     <span class='ocr_line' id='line_1_28' title="bbox 384 4027 1517 4122; baseline 0 -24"><span class='ocrx_word' id='word_1_202' title='bbox 384 4051 454 4098; x_wconf 93' lang='lat' dir='ltr'><strong>non</strong></span> <span class='ocrx_word' id='word_1_203' title='bbox 477 4029 680 4122; x_wconf 85' lang='lat' dir='ltr'><strong>(secundum</strong></span> <span class='ocrx_word' id='word_1_204' title='bbox 701 4028 882 4099; x_wconf 92' lang='lat' dir='ltr'><strong>hominum</strong></span> <span class='ocrx_word' id='word_1_205' title='bbox 905 4027 1204 4118; x_wconf 87' lang='lat' dir='ltr'><strong>consuetudinem)</strong></span> <span class='ocrx_word' id='word_1_206' title='bbox 1222 4035 1380 4099; x_wconf 90' lang='lat' dir='ltr'><strong>oneratos</strong></span> <span class='ocrx_word' id='word_1_207' title='bbox 1396 4051 1517 4098; x_wconf 86' lang='lat' dir='ltr'><strong>cervos</strong></span> 
     </span>
     <span class='ocr_line' id='line_1_29' title="bbox 384 4141 1517 4239; baseline 0.002 -25"><span class='ocrx_word' id='word_1_208' title='bbox 384 4141 611 4214; x_wconf 90' lang='lat' dir='ltr'><strong>stimulabant</strong></span> <span class='ocrx_word' id='word_1_209' title='bbox 626 4152 667 4213; x_wconf 88' lang='lat' dir='ltr'><strong>ut</strong></span> <span class='ocrx_word' id='word_1_210' title='bbox 680 4145 782 4214; x_wconf 88' lang='lat' dir='ltr'><strong>citius</strong></span> <span class='ocrx_word' id='word_1_211' title='bbox 797 4144 1006 4228; x_wconf 90' lang='lat' dir='ltr'><strong>incederent,</strong></span> <span class='ocrx_word' id='word_1_212' title='bbox 1018 4145 1128 4214; x_wconf 91' lang='lat' dir='ltr'><strong>immo</strong></span> <span class='ocrx_word' id='word_1_213' title='bbox 1140 4144 1218 4214; x_wconf 88' lang='lat' dir='ltr'><strong>illos</strong></span> <span class='ocrx_word' id='word_1_214' title='bbox 1234 4168 1256 4214; x_wconf 90' lang='lat' dir='ltr'><strong>a</strong></span> <span class='ocrx_word' id='word_1_215' title='bbox 1271 4145 1374 4239; x_wconf 84' lang='lat' dir='ltr'><strong>longe</strong></span> <span class='ocrx_word' id='word_1_216' title='bbox 1389 4167 1517 4238; x_wconf 75' lang='lat' dir='ltr'><strong>prace-</strong></span> 
     </span>
     <span class='ocr_line' id='line_1_30' title="bbox 385 4257 1517 4354; baseline 0.003 -25"><span class='ocrx_word' id='word_1_217' title='bbox 385 4259 528 4344; x_wconf 84' lang='lat' dir='ltr'><strong>debant3</strong></span> <span class='ocrx_word' id='word_1_218' title='bbox 554 4261 646 4330; x_wconf 89' lang='lat' dir='ltr'><strong>cervi</strong></span> <span class='ocrx_word' id='word_1_219' title='bbox 671 4283 761 4343; x_wconf 86' lang='lat' dir='ltr'><strong>vero,</strong></span> <span class='ocrx_word' id='word_1_220' title='bbox 785 4259 881 4330; x_wconf 93' lang='lat' dir='ltr'><strong>nullo</strong></span> <span class='ocrx_word' id='word_1_221' title='bbox 904 4257 1067 4354; x_wconf 86' lang='lat' dir='ltr'><strong>cogente⁵</strong></span> <span class='ocrx_word' id='word_1_222' title='bbox 1091 4260 1347 4353; x_wconf 80' lang='lat' dir='ltr'><strong>sequebantur.⁶</strong></span> <span class='ocrx_word' id='word_1_223' title='bbox 1397 4261 1446 4332; x_wconf 89' lang='lat' dir='ltr'><strong>Et</strong></span> <span class='ocrx_word' id='word_1_224' title='bbox 1470 4285 1517 4333; x_wconf 88' lang='lat' dir='ltr'><strong>ne</strong></span> 
     </span>
     <span class='ocr_line' id='line_1_31' title="bbox 384 4377 1518 4472; baseline 0.002 -25"><span class='ocrx_word' id='word_1_225' title='bbox 384 4377 533 4471; x_wconf 85' lang='lat' dir='ltr'><strong>amplius</strong></span> <span class='ocrx_word' id='word_1_226' title='bbox 549 4377 795 4448; x_wconf 85' lang='lat' dir='ltr'><strong>commoratio</strong></span> <span class='ocrx_word' id='word_1_227' title='bbox 814 4377 1132 4472; x_wconf 87' lang='lat' dir='ltr'><strong>interrumperetur,</strong></span> <span class='ocrx_word' id='word_1_228' title='bbox 1155 4400 1217 4470; x_wconf 91' lang='lat' dir='ltr'><strong>pro</strong></span> <span class='ocrx_word' id='word_1_229' title='bbox 1237 4377 1435 4469; x_wconf 89' lang='lat' dir='ltr'><strong>hujusmodi</strong></span> <span class='ocrx_word' id='word_1_230' title='bbox 1457 4402 1518 4449; x_wconf 90' lang='lat' dir='ltr'><strong>ne-</strong></span> 
     </span>
    </p>
   </div>
   <div class='ocr_carea' id='block_1_3' title="bbox 384 4695 1520 4852">
    <p class='ocr_par' dir='ltr' id='par_1_4' title="bbox 384 4695 1520 4852">
     <span class='ocr_line' id='line_1_32' title="bbox 422 4695 1520 4765; baseline 0.001 -14"><span class='ocrx_word' id='word_1_231' title='bbox 422 4695 524 4752; x_wconf 74' lang='lat' dir='ltr'><strong>lbactio</strong></span> <span class='ocrx_word' id='word_1_232' title='bbox 546 4697 680 4752; x_wconf 85' lang='lat' dir='ltr'><strong>inseritur.</strong></span> <span class='ocrx_word' id='word_1_233' title='bbox 707 4695 746 4751; x_wconf 89' lang='grc' dir='ltr'><strong>Η.</strong></span> <span class='ocrx_word' id='word_1_234' title='bbox 792 4697 1028 4765; x_wconf 78' lang='lat' dir='ltr'><strong>²Praeparondum.</strong></span> <span class='ocrx_word' id='word_1_235' title='bbox 1058 4699 1090 4754; x_wconf 92' lang='grc' dir='ltr'><strong>Ο.</strong></span> <span class='ocrx_word' id='word_1_236' title='bbox 1138 4697 1243 4751; x_wconf 64' lang='lat' dir='ltr'><strong>Marta.</strong></span> <span class='ocrx_word' id='word_1_237' title='bbox 1272 4698 1305 4752; x_wconf 92' lang='grc' dir='ltr'><strong>Ο.</strong></span> <span class='ocrx_word' id='word_1_238' title='bbox 1354 4697 1454 4752; x_wconf 72' lang='lat' dir='ltr'><strong>‘Eetia</strong></span> <span class='ocrx_word' id='word_1_239' title='bbox 1485 4699 1520 4752; x_wconf 87' lang='grc' dir='ltr'><strong>Ο.</strong></span> 
     </span>
     <span class='ocr_line' id='line_1_33' title="bbox 384 4783 898 4852; baseline 0.004 -16"><span class='ocrx_word' id='word_1_240' title='bbox 384 4785 510 4852; x_wconf 65' lang='lat' dir='ltr'><strong>Mycale.</strong></span> <span class='ocrx_word' id='word_1_241' title='bbox 528 4783 561 4838; x_wconf 92' lang='grc' dir='ltr'><strong>Ο.</strong></span> <span class='ocrx_word' id='word_1_242' title='bbox 597 4783 846 4852; x_wconf 55' lang='lat' dir='ltr'><strong>‘demandandum</strong></span> <span class='ocrx_word' id='word_1_243' title='bbox 865 4784 898 4839; x_wconf 93' lang='lat'><strong>0.</strong></span> 
     </span>
    </p>
   </div>
   <div class='ocr_carea' id='block_1_4' title="bbox 0 0 1662 5796">
    <p class='ocr_par' dir='ltr' id='par_1_5' title="bbox 0 0 1662 5796">
     <span class='ocr_line' id='line_1_34' title="bbox 0 0 1662 5796; baseline 0 0"><span class='ocrx_word' id='word_1_244' title='bbox 0 0 1662 5796; x_wconf 95' lang='lat' dir='ltr'><strong> </strong></span> 
     </span>
    </p>
   </div>
  </div>
 </body>
</html>
