3318 5804
526 795 634 849 ursus
658 793 916 850 mnnavnuus.
1218 780 1288 855 175

148 967 355 1040 hereditate
372 987 436 1037 sua
451 985 532 1035 cum
549 963 682 1034 duabus
698 963 809 1034 unciis
825 963 899 1058 agri
912 962 1000 1050 Deo,
1013 971 1051 1037 et
1064 963 1201 1040 Sanctis
1214 969 1290 1040 Du-

150 1084 274 1167 bricio,
287 1083 439 1166 Temno,
447 1088 483 1152 61
496 1079 717 1164 Oudoceo‚et
727 1079 764 1149 in
779 1101 886 1150 manu
899 1079 1106 1176 Berthgnini
1116 1080 1290 1180 Episcopi,

152 1223 237 1272 cnm
253 1222 314 1270 sua
328 1207 407 1270 tota
422 1198 595 1281 libertate,
612 1196 650 1267 in
659 1203 837 1289 perpetuo,
854 1196 929 1267 sine
944 1197 1017 1268 ullo
1033 1221 1140 1270 censu
1159 1201 1292 1272 homini

153 1329 301 1400 terreno,
326 1316 394 1386 nisi
419 1315 573 1386 ecclesiae
599 1311 794 1398 Landariae,
820 1320 858 1384 et
880 1313 1074 1406 pastoribus
1098 1317 1182 1409 ejus.
1233 1319 1292 1390 De

153 1431 307 1515 Clericis,
324 1439 435 1503 testes
456 1439 538 1504 sunt
558 1429 794 1524 Berthgninns
807 1427 1009 1525 Episcopus,
1024 1431 1157 1527 Sulgen
1168 1432 1292 1509 Abbas

151 1548 285 1632 Catoci,
300 1546 434 1619 Saturn
445 1545 568 1618 Abbas
582 1545 755 1628 Docunni,
769 1544 949 1618 Gurhanal
961 1545 1083 1620 Abbas
1096 1549 1220 1636 Ilduti;
1246 1553 1291 1625 de

149 1666 256 1749 laicis,
276 1663 444 1735 Morcant
463 1663 553 1748 Rex,
566 1661 695 1746 Clodri,
709 1660 734 1731 J
735 1685 806 1746 aco,
821 1661 1049 1747 Guaidnertb,
1067 1664 1184 1751 Elcoc,
1199 1668 1291 1740 Gur-

150 1805 292 1878 gauarn,
308 1779 460 1864 Giuaret,
475 1780 610 1863 Gatem,
622 1777 811 1863 Lcuronui,
823 1777 982 1864 Mordoc,
1000 1779 1185 1867 Binhearn,
1200 1783 1290 1857 Mab

151 1896 290 1970 libleid
342 1894 429 1968 Post
446 1896 745 1991 longumtempus
760 1895 901 1966 resolvit
917 1894 1035 1968 Ouleu
1051 1900 1291 1993 captivitatem

149 2015 243 2086 illius
264 2013 340 2108 agri
361 2013 405 2084 de
425 2019 600 2106 potestate
620 2011 710 2095 laici,
728 2018 765 2082 et
783 2012 935 2084 reddidit
952 2012 1040 2098 Deo,
1058 2022 1096 2086 et
1112 2015 1290 2104 Dubricio,

149 2130 306 2212 Teliauo,
324 2138 362 2201 et
379 2127 557 2212 Oudoceo,
578 2128 765 2200 liberatum
786 2126 830 2199 ab
853 2129 947 2199 omni
969 2129 1082 2202 laicali
1104 2133 1291 2220 invasione,

153 2247 307 2320 Grecieli
320 2245 504 2340 Episcopo,
517 2268 581 2339 pro
594 2245 710 2316 anima
721 2267 797 2329 sua;
823 2252 953 2338 etpost
968 2247 1189 2320 intervallum
1202 2259 1292 2323 tem·

147 2364 253 2458 poris
270 2362 414 2434 resolvit
429 2362 558 2434 iterum
571 2360 647 2434 Fau
662 2369 775 2432 totam
788 2363 1028 2454 captivitatem
1044 2365 1236 2463 illius-agri,
1254 2379 1292 2441 et

147 2479 312 2552 laicalem
326 2479 552 2562 invasionem,
566 2486 604 2548 et
619 2477 808 2549 liberatum
823 2479 976 2549 reddidit
990 2481 1028 2552 in
1043 2484 1292 2557 6166606666-

146 2596 209 2668 tiri
223 2595 388 2690 Episcopi
401 2594 597 2680 Laudariae,
611 2602 648 2666 61
661 2617 741 2666 cum
750 2595 923 2687 praedictis
935 2596 1069 2668 duabus
1084 2600 1195 2672 unciis
1207 2603 1289 2697 agri,

144 2713 244 2785 inter
272 2711 395 2784 silvam
421 2719 459 2783 et
487 2734 659 2806 campum,
689 2719 728 2782 et
756 2733 892 2804 aquam.
944 2712 1153 2807 Quicunque
1177 2726 1292 2789 custo-

145 2829 265 2913 dierit,
288 2828 494 2900 benedictus
516 2828 576 2912 sit;
603 2828 662 2921 qui
684 2836 803 2899 autem
826 2827 1016 2914 violaverit,
1033 2832 1219 2904 anathema
1235 2833 1293 2914 sit.⁸⁴
1351 2897 1354 2904 .

144 2947 281 3019 Arnen.
332 2944 430 3016 Finis
446 2944 539 3016 illius
556 2953 619 3028 est,
636 2943 736 3037 Aper
750 2941 884 3016 humir¹
905 2946 943 3016 in
963 2947 1036 3018 uiso
1056 2948 1209 3021 maliduc
1229 2951 1291 3022 bet

145 3064 260 3137 iblain
276 3061 385 3145 huisc,
403 3085 442 3134 ar
458 3061 541 3132 ibit
557 3062 619 3134 bet
635 3084 718 3155 aper
734 3068 820 3132 nant
836 3061 962 3133 bichan
978 3063 1131 3136 maliduc
1147 3066 1290 3151 diuinid,

145 3181 200 3252 dir
212 3181 305 3251 bron
321 3178 404 3249 irnlt
428 3179 473 3249 ad
497 3178 667 3261 dextram,
694 3177 747 3248 dir
771 3177 833 3248 ard
857 3179 927 3248 trni
951 3178 1162 3252 irdouciuui²
1176 3206 1215 3253 ar
1238 3184 1293 3254 hit

145 3297 241 3369 irard
259 3294 352 3364 nibit
368 3317 416 3388 ny
432 3293 519 3364 bron
535 3295 616 3365 iralt
633 3295 668 3364 di
685 3294 804 3365 circhu
820 3294 915 3366 blain
931 3304 1017 3367 nant
1032 3297 1157 3381 humis,
1174 3299 1211 3370 id
1228 3309 1290 3384 est,

143 3422 232 3486 nant
251 3411 410 3495 mertbir,
427 3411 489 3482 ubi
497 3412 643 3504 incepit.

646 3677 799 3751 Jnnnru.

195 3880 339 3953 Videns
362 3875 496 3950 Mabsn
517 3885 724 3972 praesentem
745 3880 854 3951 vitam
875 3879 1043 3951 caducam
1059 3901 1142 3963 esse,
1163 3887 1201 3951 et
1217 3903 1292 3953 cor-

142 3995 365 4091 ruptibilem,
395 3994 484 4065 emit
509 3995 617 4067 uitam
649 3995 946 4089 incorruptibilem
979 4019 1041 4090 pro
1066 3997 1291 4089 corruptibili,

142 4111 553 4205 eleemosynamfaciens,
560 4111 678 4184 Deum
687 4115 889 4208 recognovit
898 4114 1012 4185 dando
1023 4111 1293 4184 villamJudbiu³

107 4277 111 4286 ·
141 4254 203 4325 pro
221 4231 349 4304 anima
365 4250 437 4314 sun,
454 4251 557 4322 super
572 4229 681 4301 altare
694 4228 902 4302 Sanctorum
916 4230 1083 4314 Dubricii,
1096 4229 1240 4314 Teneai,
1254 4238 1292 4302 et

142 4347 320 4431 Oudo'cei,
340 4347 431 4418 etin
447 4367 553 4416 manu
565 4344 773 4442 Berthguini
791 4347 964 4442 Episcopi,
981 4372 1063 4419 enm
1079 4371 1141 4419 sua
1156 4353 1234 4417 tota
1249 4345 1292 4416 li-

141 4463 296 4550 bertate,
311 4471 352 4536 61
364 4461 460 4535 omni
473 4464 715 4535 communione
731 4465 768 4535 in
784 4488 907 4559 campo
920 4472 957 4535 et
973 4465 1010 4536 in
1026 4465 1133 4558 aquis,
1151 4463 1188 4533 in
1204 4460 1291 4535 silva

340 4763 483 4818 manue
502 4763 535 4819 Ο.
570 4763 738 4821 ’Irdocuiut-
750 4765 784 4820 0.
818 4763 881 4821 ⁸sio
899 4764 932 4820 0.
949 4765 1056 4836 Judoiu,
1066 4763 1104 4822 Η.
