3316 5796
327 801 376 874 46
704 815 813 867 urana
837 817 1098 868 nauuavausn.

329 987 432 1082 Tyui;
451 994 488 1058 et
504 986 680 1057 sevidisse
697 981 958 1080 Hergualdum¹
977 982 1200 1077 Episcopum,
1218 993 1477 1058 antecessorem

331 1101 391 1176 U.¹
407 1127 471 1198 per
487 1123 547 1173 xn.
565 1125 673 1173 annos
690 1102 830 1173 easdem
847 1101 967 1194 plebes
984 1099 1112 1193 quiete,
1131 1110 1168 1172 et
1185 1103 1316 1196 absque
1332 1103 1407 1174 ulla
1421 1105 1479 1174 in-

329 1221 547 1313 terruptione
569 1220 736 1291 canonica
758 1219 922 1289 tenuisse.
973 1215 1129 1310 Ideoque
1146 1241 1192 1290 ex
1209 1221 1376 1290 canonica
1393 1243 1479 1290 cen-

330 1361 419 1420 sura,
447 1360 510 1408 nos
532 1337 565 1406 ei
588 1343 626 1406 et
648 1335 901 1406 successoribus
926 1335 996 1404 suis
1018 1341 1245 1428 praenotatam
1270 1335 1479 1427 parochiam

329 1463 499 1551 perpetuo
511 1453 707 1524 habendam
724 1447 1021 1544 adjudicavimus.³
1062 1449 1168 1522 Unde
1180 1451 1389 1522 fraternitati
1402 1460 1479 1523 tuae

330 1571 484 1666 rogando
500 1570 715 1652 mandamus,
734 1576 904 1662 quatenus
921 1567 1014 1659 quod
1028 1568 1226 1660 judicatum
1243 1575 1296 1638 est
1312 1592 1334 1638 a
1350 1577 1479 1639 sancta

331 1687 492 1759 Romana
508 1686 655 1758 eeclesia
675 1685 780 1756 facias
797 1685 980 1765 observari,
1002 1693 1039 1754 et
1060 1685 1105 1755 de
1125 1685 1296 1778 praedictis
1316 1686 1477 1777 quinque

329 1803 489 1897 plebibus
505 1803 640 1873 nullam
657 1804 690 1872 ei
706 1803 848 1895 patiaris
863 1802 1026 1894 injuriam
1041 1801 1195 1896 irrogari.
1245 1799 1327 1872 Dat.
1346 1801 1476 1873 Later·
1504 1809 1507 1816 “

327 1922 396 2004 ani,
414 1939 453 1990 11.
470 1943 551 1990 non.
569 1917 727 2012 Aprilis.⁴

379 2152 577 2226 Houoruus
594 2152 797 2247 Episcopus,
815 2175 933 2224 servus
949 2175 1126 2224 servorum
1143 2152 1223 2236 Dei,
1238 2153 1371 2224 dilectis
1386 2152 1473 2224 filiis

328 2268 434 2342 Claro
454 2268 509 2342 et⁵
530 2268 667 2363 Populo
688 2293 751 2363 per
770 2269 949 2363 parochias
974 2269 1097 2353 Gubia
1124 2269 1297 2364 Cetgueli‚
1323 2269 1475 2340 Contre-

327 2386 465 2470 bichau,
484 2387 662 2482 Ystrateu,
687 2383 850 2481 Ergycg‚⁶
866 2387 1067 2470 constituto,
1093 2385 1252 2469 salutem,
1278 2393 1316 2456 et
1333 2394 1475 2479 aposto-

328 2502 432 2573 licam
445 2503 735 2575 benedictionem.
775 2501 862 2586 Nos,
877 2526 922 2572 ex
935 2505 1101 2574 canonica
1113 2526 1265 2586 censura,
1280 2503 1472 2576 venerabili

330 2620 429 2690 fratri
446 2630 564 2692 nostro
578 2618 723 2692 Urbano
737 2618 955 2690 Laudarensi
969 2620 1152 2714 Episcopo,
1166 2627 1203 2690 et
1219 2622 1476 2693 successoribus

327 2739 412 2830 ejus,
438 2739 620 2831 praedictas
645 2737 798 2829 quinque
821 2736 951 2828 plebes,
977 2736 1021 2806 de
1038 2739 1162 2828 quibus
1187 2738 1279 2808 inter
1299 2739 1414 2830 ipsum
1430 2747 1472 2809 et

326 2849 546 2923 Bernardum
564 2851 686 2923 Sancti
704 2850 807 2935 Deui,
821 2860 858 2922 et
871 2851 1061 2924 Ricardum
1075 2852 1350 2938 Herforteusem,
1366 2853 1471 2948 Epis-

327 2991 432 3060 copos
459 2969 637 3038 contentio
661 2964 791 3039 firerat⁷
819 2977 989 3062 perpetuo
1017 2969 1193 3040 habendas
1218 2971 1468 3062 adjudicamus.

325 3081 482 3176 Ideoque
491 3085 709 3155 universitati
720 3093 842 3155 vestrae
851 3085 1047 3156 mandando
1058 3087 1284 3179 praecipimus,
1296 3095 1469 3180 quatenus

327 3200 371 3282 ei,
383 3207 551 3293 tanquam
562 3202 701 3294 proprio
711 3203 849 3294 pastori,
862 3211 898 3272 et
911 3203 1104 3272 animarum
1115 3212 1307 3273 vestrarum
1320 3205 1468 3289 custodi,

324 3317 561 3388 obedientiam
578 3326 615 3388 et
632 3319 862 3390 reverentiam
878 3318 1058 3389 humiliter
1070 3318 1241 3390 deferatis.
1285 3317 1368 3391 Dat.
1383 3318 1466 3393 Lat.

324 3453 363 3505 11.
381 3457 461 3506 non.
479 3432 637 3529 Aprilis⁸

323 3695 568 3772 Exnonrauro
578 3700 603 3771 J
605 3723 767 3774 onaurus
778 3703 1018 3774 Pansaurunr
1030 3702 1254 3773 Cannutius
1265 3723 1310 3773 nr
1321 3703 1466 3777 Lnearr

372 3813 544 3888 Rouana
561 3817 759 3903 Eccnusm,
778 3840 888 3890 sruun
910 3839 954 3889 ur
972 3819 1210 3890 Puunouarlo
1232 3840 1280 3890 aa
1302 3840 1348 3891 no
1366 3843 1464 3893 nara

370 3949 535 4002 ouuraus
551 3931 875 4007 Auxrnrauomnus
893 3936 1173 4007 Lnuuavaussu
1191 3935 1407 4008 Eccnnsnrr.

369 4145 519 4218 Fnauua
541 4147 566 4219 J
567 4169 738 4220 onauuus
756 4150 893 4224 Sancte
910 4152 1078 4225 Romanae
1095 4152 1248 4224 ecclesia
1265 4151 1463 4247 Presbyter

319 4263 522 4348 cardinalis,
546 4273 583 4338 et
606 4265 771 4363 Legatus,
794 4268 955 4341 fidelibus
977 4271 1137 4342 omuibus
1158 4292 1222 4364 per
1237 4266 1405 4363 Angliam
1422 4279 1463 4342 et

352 4586 527 4644 ¹draaldam.
541 4590 574 4645 0.
609 4589 694 4661 meg.
711 4593 821 4647 Urbani.
834 4591 868 4648 E.
903 4591 1172 4662 ³Adjudicamua.0.
1207 4589 1461 4662 ‘rapulam

316 4677 394 4730 1129.
428 4677 578 4733 ⁶Etdeest.
593 4677 672 4732 MSS.
709 4679 868 4752 Suppletur.
887 4679 921 4736 B.
956 4681 1461 4751 toerqvau,c¹antretaotcn,1urateu,

313 4763 417 4831 Eryiop.
436 4762 469 4818 0.
504 4764 569 4820 ⁷Sic
582 4763 614 4819 B.
625 4763 711 4834 ficret
731 4765 811 4824 MSS.
845 4767 1007 4840 ‘caprile
1027 4765 1103 4826 ab.
1117 4767 1193 4821 1129.
