3316 5796
367 829 438 901 126
735 848 843 898 arnna
867 845 1125 896 aavnavunars.

366 1013 574 1108 parochiam,
600 1037 622 1083 a
644 1011 809 1082 Mochros
831 1033 940 1105 usquo
962 1012 1006 1082 ad
1028 1011 1176 1083 insulam
1198 1012 1324 1096 Teithi,
1353 1015 1390 1084 in
1411 1037 1497 1107 pace

367 1130 491 1211 tenuit,
506 1131 615 1199 donec
632 1129 711 1199 Rex
725 1128 951 1222 Catguocaun
968 1130 1116 1221 quadam
1133 1129 1208 1198 vice
1226 1130 1409 1223 (suadente
1425 1131 1498 1201 dia-

368 1243 462 1334 bolo)
477 1244 670 1316 vulneravit
687 1268 795 1314 unum
811 1245 856 1314 de
872 1245 1003 1315 clericis
1016 1243 1173 1316 Oudooei
1191 1244 1367 1338 Episcopi3
1394 1256 1431 1317 et
1448 1247 1500 1316 ita

367 1371 530 1456 surgente
546 1361 664 1432 favilla
679 1361 880 1454 iniquitatis,
896 1369 1013 1431 motus
1029 1370 1082 1432 est
1098 1359 1150 1432 irai
1162 1360 1249 1443 Rex,
1263 1360 1381 1432 volens
1398 1385 1500 1432 sanc-

367 1488 446 1549 tum
462 1479 574 1549 virum
596 1501 676 1548 cum
693 1477 757 1550 sui
776 1476 908 1548 familiai
928 1477 1103 1570 expellere
1119 1479 1164 1548 de
1185 1475 1296 1570 patriai
1317 1476 1381 1548 sud
1402 1477 1499 1548 ultra

368 1595 466 1689 Tyui,
484 1603 521 1666 et
534 1594 683 1666 Sanctus
696 1595 881 1666 Oudoceus
892 1595 1033 1686 reliquit
1045 1594 1192 1687 patriam
1209 1593 1299 1664 illius
1312 1594 1376 1663 sub
1388 1594 1501 1664 male-

369 1711 534 1794 dictione3
560 1719 597 1781 et
619 1712 663 1782 ab
685 1711 745 1782 illo
766 1720 922 1804 tempore
941 1711 1107 1782 remansit
1129 1710 1299 1804 parochia,
1321 1710 1499 1780 dividente

368 1827 457 1920 Tyui
472 1829 558 1898 duos
571 1827 809 1920 Episcopatus
820 1825 925 1898 sicutl
936 1827 1112 1898 dividebat
1122 1827 1191 1898 duo
1200 1850 1316 1920 regna,
1329 1823 1500 1896 Mourici²

369 1968 415 2014 ex
436 1947 504 2014 ista
524 1953 632 2036 parte,
650 1943 865 2039 Catgucauni
886 1968 930 2015 ex
947 1943 1023 2014 alia.
1075 1943 1160 2014 Post
1180 1942 1399 2014 intervallum
1416 1941 1497 2012 Rex

369 2059 572 2154 Catgucaun
589 2062 725 2132 veniam
747 2055 932 2152 requirens,
952 2061 1116 2154 poenituit
1136 2083 1172 2130 se
1192 2057 1313 2130 fecisse
1333 2058 1422 2150 quod
1445 2059 1498 2128 fe-

368 2184 463 2247 cerat
486 2200 568 2271 erga
590 2177 758 2247 Sanctum
780 2176 995 2259 Oudoceum‚
1022 2185 1059 2247 et
1081 2177 1248 2247 familiam
1271 2199 1376 2257 suam,
1400 2174 1496 2245 misit

367 2303 509 2389 propter
520 2295 629 2376 illum,
640 2303 678 2365 et
689 2294 840 2365 reddidit
852 2294 885 2364 ei
898 2303 1005 2364 terras
1015 2293 1166 2364 ecclesiae
1177 2292 1370 2374 Landaviae,
1382 2290 1498 2361 Penn-

368 2411 451 2482 alun
463 2410 634 2493 videlicet,
648 2420 684 2480 et
702 2410 898 2480 Lanteiliau
913 2433 1020 2492 maur,
1039 2417 1075 2480 et
1093 2407 1292 2502 Laudyfuyr
1307 2431 1402 2502 gupr,
1421 2431 1497 2499 qua

367 2529 462 2621 prius
484 2528 621 2597 fuerant
636 2525 898 2618 Archiepiscopi
921 2524 1089 2608 Dubricii‚
1112 2533 1149 2595 et
1171 2549 1192 2595 a
1213 2533 1370 2617 tempore
1391 2523 1499 2617 Regis

370 2643 478 2737 Nouy
494 2643 556 2713 filii
573 2642 717 2724 Arthur,
735 2649 771 2712 et
788 2665 907 2712 omnes
923 2642 1084 2712 ecclesias
1100 2664 1180 2711 oum
1197 2640 1296 2710 terris
1313 2637 1405 2721 suis,8
1422 2662 1499 2731 quae

368 2769 473 2831 antea
489 2759 625 2830 fuerant
636 2758 755 2830 Sancti
766 2757 914 2841 Teliaui3
932 2766 969 2827 et
981 2759 1031 2828 ita
1044 2780 1123 2827 cum
1136 2756 1230 2827 omni
1243 2754 1307 2826 sua
1318 2756 1498 2849 dignitate,

369 2884 407 2947 et
423 2876 611 2968 privilegio,
626 2883 661 2944 et
678 2872 846 2968 perpetua
858 2874 1028 2946 libertate.
1079 2873 1128 2944 Et
1144 2873 1180 2942 in
1196 2883 1352 2965 tempore
1365 2897 1428 2943 suo
1441 2896 1500 2943 ve·

368 2998 495 3061 nerunt
511 2989 759 3072 tribulationes,
777 2998 814 3060 et
830 2991 1039 3062 vastationes
1057 2989 1235 3060 Saxonum
1251 2989 1287 3057 in
1304 2988 1499 3058 dextralem

368 3104 595 3189 Britanniam,
621 3116 658 3176 et
682 3106 833 3178 maxime
858 3107 895 3176 in
920 3107 1106 3177 confinium
1131 3105 1346 3198 episcopatus
1371 3105 1432 3185 sui,
1461 3105 1498 3173 in

367 3231 506 3293 tantum
524 3223 616 3314 quod
632 3222 666 3292 vi
686 3224 956 3317 supervenientis
977 3224 1091 3317 gentis
1109 3219 1284 3292 Saxouiae⁴
1299 3220 1497 3314 parochiam

369 3361 476 3422 suam,
500 3362 521 3410 a
538 3338 703 3411 Mochros
723 3363 825 3434 super
840 3341 950 3434 ripam
968 3340 1049 3433 Guy
1066 3363 1111 3410 ex
1127 3339 1187 3409 illa
1202 3347 1309 3432 parte,
1327 3336 1499 3430 usquead

367 3455 517 3527 rivulum
535 3455 610 3526 Dor
625 3479 670 3526 ex
685 3456 753 3527 ista
767 3466 876 3550 parte,
901 3464 938 3527 et
956 3479 1066 3547 usque
1082 3456 1125 3526 ad
1143 3454 1310 3548 Gurmuy,
1328 3462 1365 3523 et
1383 3454 1426 3523 ad
1443 3475 1499 3525 os-

368 3569 475 3642 tium⁵
496 3573 640 3668 Taratyr
655 3574 691 3642 in
708 3572 790 3668 Guy
807 3573 959 3643 flumine.
998 3572 1047 3643 Et
1063 3571 1163 3642 factis
1179 3571 1232 3640 his
1248 3570 1499 3640 vastationibus

367 3711 414 3758 ex
437 3697 583 3781 utraque
607 3699 714 3782 parte,
744 3713 846 3782 super
869 3689 1065 3782 parochiam
1090 3687 1315 3781 episcopaths,
1345 3686 1418 3756 haeo
1443 3695 1498 3757 est

368 3803 499 3873 divisio.

418 3916 451 3987 Ο
468 3942 551 4010 aper
566 3921 653 4012 Tyui
669 3943 715 4013 ny
726 3921 790 4015 hyt
806 3923 869 4016 hyt
885 3945 968 4015 aper
983 3922 1137 4014 piscotuc
1149 3944 1195 4014 yn
1208 3920 1292 4014 tyni,
1307 3942 1327 3989 o
1340 3920 1494 4012 piscotuc

367 4031 431 4124 hyt
453 4034 663 4127 teirgnernin
685 4038 789 4121 buell,
811 4062 832 4107 o
854 4040 1066 4133 teirguemin
1085 4037 1180 4108 buell
1197 4061 1219 4131 y
1235 4037 1347 4130 vynyd
1370 4057 1415 4126 ny
1431 4033 1495 4126 hyt

368 4149 414 4241 dy
430 4150 550 4220 castell
567 4150 698 4234 teirtut,
715 4153 751 4221 id
770 4161 832 4236 est,
853 4156 990 4225 cantref
1007 4154 1151 4248 hychan,
1175 4154 1220 4224 ha
1242 4150 1377 4223 cantref
1393 4147 1495 4233 selif,8

367 4263 414 4336 ha
429 4265 533 4348 buell,
551 4290 571 4336 o
588 4268 709 4339 castell
729 4266 869 4339 teirtnt⁷
885 4272 1022 4364 yuynyd
1039 4295 1085 4364 ny
1101 4270 1164 4363 hyt
1181 4269 1375 4363 dydouluyn
1390 4265 1494 4350 helie,

367 4381 553 4476 odouluyn
563 4382 663 4476 helyc
674 4408 697 4479 y
709 4384 803 4456 blain
814 4408 897 4479 nyso
909 4385 1004 4480 hyty
1015 4385 1144 4481 mynyd
1156 4386 1212 4469 du,
1225 4409 1249 4480 y
1260 4383 1436 4479 mynyddu
1447 4405 1496 4477 ny

402 4694 514 4751 ΗΜΘ.
550 4697 736 4754 ‘isauriam
771 4700 941 4756 transeat.
954 4700 990 4755 0.
1024 4701 1496 4768 *commemorantem

367 4779 406 4836 Ο.
441 4782 683 4841 ⁵sico.aortiam.
702 4785 740 4841 Η.
774 4786 922 4845 imo.
957 4787 1089 4845 'Tetrica
1108 4787 1144 4842 Ο.
