3318 5804
359 725 433 798 224
732 746 841 798 monn
864 745 1124 800 munsvmrsrs.

358 911 443 985 mail
452 913 626 1006 judicium
642 910 784 984 sufferre
799 934 870 982 non
885 913 1016 1005 potuit;
1040 922 1079 984 et
1098 912 1167 985 alio
1183 916 1289 988 modo
1305 937 1426 988 numm
1441 939 1493 987 rc-

359 1030 480 1112 demit,
497 1027 674 1124 largiendo
691 1026 780 1110 Deo,
797 1035 835 1097 et
852 1024 990 1098 Sanctis
1007 1027 1185 1112 Dubricio,
1203 1031 1356 1116 Teliauo,
1374 1039 1411 1104 et
1423 1031 1494 1103 Ou-

359 1147 477 1230 doceo,
494 1152 533 1216 et
549 1146 585 1215 in
601 1165 709 1214 manu
724 1139 947 1214 Oiueiliiauo¹
964 1141 1137 1236 Episcopi,
1156 1145 1276 1217 villam
1292 1148 1380 1220 Tref
1390 1172 1496 1244 peren

359 1284 439 1334 oum
463 1283 526 1334 sex
547 1260 672 1332 modiis
694 1269 804 1343 terrae,
827 1265 865 1330 et
886 1259 1046 1332 omnibus
1067 1260 1236 1354 episcopis
1253 1261 1442 1337 Landaviae
1461 1265 1498 1336 in

358 1386 538 1474 perpetuo,
556 1384 594 1449 ot
609 1399 691 1447 oum
709 1383 788 1448 tota
803 1398 866 1447 sua
881 1374 1053 1459 libertate,
1076 1383 1114 1447 et
1136 1377 1231 1448 omni
1253 1382 1500 1453 communione

358 1494 396 1565 in
412 1517 535 1590 campo
551 1501 590 1565 et
605 1493 644 1563 in
663 1491 767 1576 silvis,
788 1492 826 1561 in
847 1515 937 1585 aqua
956 1498 994 1564 et
1014 1492 1053 1563 in
1071 1494 1217 1587 pascuis.
1267 1492 1323 1567 De
1340 1493 1499 1581 Clon’cis,

322 1650 324 1658 ι
358 1618 468 1683 testes
484 1617 566 1682 sunt
581 1608 774 1682 (iiueiliauc
791 1606 994 1702 Episcopus,
1008 1607 1154 1704 Catgcn,
1172 1608 1331 1694 Gunlluo
1350 1609 1499 1696 Pascen,

359 1725 521 1823 Anagon,
535 1724 749 1810 Morcunris3
767 1725 812 1796 de
824 1724 931 1808 laicis,
944 1723 1144 1796 Broohmail
1157 1725 1246 1810 Rex,
1261 1726 1391 1811 Gonan,
1405 1726 1502 1798 Gur·

360 1852 451 1927 eant,
469 1843 668 1937 Caratguin,
692 1839 790 1912 Nud.
841 1838 1067 1934 Quicunque²
1089 1843 1302 1927 custodierit,
1325 1844 1501 1916 custodiat

358 1958 459 2030 illum
483 1957 595 2043 Deus3
621 1959 681 2052 qui
705 1955 804 2030 rero⁸
828 1959 874 2029 ab
898 1956 1044 2030 ecclesia
1069 1957 1255 2030 Laudaviae
1279 1959 1498 2054 separaverit,

359 2075 546 2147 anathema
561 2075 616 2146 sit.
666 2073 796 2146 Amen
848 2070 945 2145 Finis
957 2074 1051 2146 illius
1064 2083 1127 2158 est,
1145 2075 1246 2148 Oriu
1258 2075 1374 2147 tunuil
1386 2098 1497 2169 nsque

359 2191 405 2262 ad
426 2192 564 2280 fossam,
581 2192 708 2264 deinde
728 2192 773 2262 ad
794 2190 888 2275 viam
910 2213 987 2284 quae
1006 2191 1104 2263 vadit
1125 2193 1169 2263 de
1192 2191 1347 2264 Merthir
1367 2215 1496 2287 geram,

360 2315 397 2380 et
413 2309 510 2381 vadit
534 2311 580 2381 ad
596 2308 741 2381 alteram
757 2307 851 2378 viam
867 2330 944 2400 quae
969 2307 1066 2380 ducit
1089 2309 1136 2379 ad
1159 2331 1300 2394 carnem
1326 2309 1452 2380 deinde
1475 2331 1498 2380 a

359 2425 414 2496 riu
430 2425 511 2497 oelli
531 2427 656 2509 cintur,
676 2425 734 2496 via
757 2423 976 2495 custodiente
999 2424 1044 2495 ad
1068 2423 1219 2508 o'ollem,⁴
1242 2424 1334 2496 valle
1357 2425 1498 2496 clidunn

360 2547 437 2614 tota
452 2539 548 2614 recti
563 2542 679 2636 pergit
688 2563 758 2634 por
772 2539 869 2611 iliam
886 2563 996 2632 usque
1013 2540 1059 2611 ad
1070 2541 1163 2612 viam
1180 2563 1257 2634 quae
1268 2541 1365 2612 venit
1381 2564 1403 2612 a
1419 2548 1498 2612 sant

359 2656 454 2730 ilion.
504 2655 601 2730 Finis
617 2657 756 2736 Perenn
774 2656 813 2727 in
833 2651 1031 2740 madtima‘
1053 2665 1091 2728 et
1112 2656 1209 2728 vadit
1230 2680 1253 2728 a
1272 2656 1346 2751 poll
1367 2657 1380 2727 i
1401 2656 1498 2728 cuith

360 2797 470 2866 usque
494 2774 540 2845 ad
561 2772 753 2858 Sabrinam,
776 2772 878 2844 stab
899 2773 985 2844 urbe
1010 2793 1077 2844 ΧΠ.
1097 2774 1301 2868 jugerorum
1321 2773 1497 2866 usquead

360 2889 433 2982 poll
446 2890 545 2961 erbin
559 2890 739 2960 dimidiam
754 2897 892 2983 partem
907 2889 1002 2962 illius
1018 2899 1119 2962 terrae
1134 2890 1188 2962 hit
1204 2890 1266 2962 bet
1281 2889 1356 2961 tres
1365 2911 1498 2984 perenn

360 3004 483 3076 duobis
501 3006 637 3100 jugeris
653 3005 897 3078 dividentibus.

787 3271 945 3345 Yscum⁶
962 3271 1068 3345 Crsr.

408 3474 596 3547 Brochuail
613 3473 705 3546 filius
722 3472 865 3546 Mouric
885 3496 948 3567 pro
965 3469 1082 3544 animis
1098 3469 1169 3556 sui,
1193 3481 1231 3544 et
1252 3469 1368 3544 animi
1390 3473 1499 3566 patris

227 3613 231 3624 ·
359 3593 422 3677 sui,
440 3593 591 3664 reddidit
603 3589 746 3664 Yscuit⁶
759 3591 855 3685 Cyst,
873 3613 955 3661 cunr
967 3590 1078 3662 tribus
1093 3589 1218 3661 modiis
1234 3597 1343 3672 terrae,
1361 3596 1498 3660 etcum

359 3712 533 3782 coretibus
550 3711 620 3782 suis
636 3711 673 3782 in
690 3708 846 3792 Sabrina,
870 3715 908 3778 et
928 3706 967 3777 in
985 3704 1136 3789 Mourio,
1159 3729 1206 3777 ex
1226 3713 1374 3800 utraque
1396 3713 1496 3800 parte

358 3824 450 3916 ripae,
468 3823 547 3898 Deo
564 3835 601 3898 et
617 3826 724 3898 Petro
739 3824 906 3920 apostolo,
925 3817 978 3894 et⁷
995 3820 1133 3895 Sanctis
1150 3822 1327 3906 Dubrioio,
1340 3821 1493 3904 Teliauo,

358 3947 396 4011 et
413 3939 589 4026 Oudoceo,
607 3950 644 4014 et
666 3943 703 4012 in
725 3965 832 4014 manu
848 3937 1071 4012 Ciueiliiauc¹
1088 3939 1261 4034 Episcopi,
1279 3947 1317 4010 ot
1335 3939 1493 4009 omnibus

358 4055 528 4149 episcopis
553 4056 748 4142 Landaviae,
775 4066 812 4130 et
839 4081 920 4129 cunr
948 4063 1026 4128 tota
1050 4079 1113 4128 sun
1140 4056 1311 4140 libertate,
1337 4063 1375 4127 et
1398 4051 1491 4125 omni

358 4173 601 4244 communione
618 4174 699 4245 data
713 4174 846 4258 ineolis,
864 4182 901 4246 et
921 4172 1128 4245 habitaturis
1143 4181 1272 4245 terram
1292 4171 1397 4254 illam,
1419 4168 1492 4240 sine

357 4289 436 4374 fine,
453 4311 516 4383 per
532 4296 645 4362 totam
660 4291 839 4384 regionem
857 4288 991 4363 Guenti
1011 4292 1049 4362 in
1069 4311 1192 4383 campo
1214 4295 1252 4360 et
1273 4287 1311 4359 in
1331 4285 1432 4368 silvis,
1455 4284 1495 4354 in

395 4608 459 4666 ¹Sio
477 4610 511 4667 0.
526 4613 693 4670 dimidiant.
712 4611 751 4667 Η.
785 4611 873 4672 ²Qot
891 4609 926 4667 0.
961 4610 1086 4670 'Autem
1105 4611 1139 4669 0.
1173 4611 1303 4667 trason.
1320 4607 1356 4665 Ο.
1391 4605 1498 4662 utori-

358 4698 429 4752 ts'mo.
447 4696 480 4753 0.
515 4697 628 4756 trouu.
646 4699 680 4756 0.
715 4699 864 4755 ’Eidemt
883 4698 917 4755 0.
