3316 5796
381 837 449 907 100
751 844 860 894 1111111
883 844 1143 896 nsunsvsusrs.

377 1025 426 1092 eis
456 1018 637 1112 expediret
662 1036 743 1085 cum
773 1011 900 1106 lingue
925 1033 1046 1081 eorum
1070 1014 1212 1106 penitus
1237 1039 1363 1111 expers
1388 1019 1521 1090 fuisset.

376 1136 515 1229 Incepit
532 1127 666 1204 tamen¹
686 1129 836 1200 Sanctus
853 1126 977 1198 Sacros
993 1126 1191 1222 Scripturas
1207 1153 1392 1226 exponere,
1410 1144 1523 1208 11111-

376 1253 554 1324 tisfaceret
564 1247 772 1341 supplicanti
783 1244 922 1339 populo,
934 1246 1278 1342 itautunusquisque
1291 1251 1523 1324 circumstan.

375 1372 467 1441 tium
483 1368 643 1439 audirent
656 1364 757 1434 illum
771 1385 835 1434 sua
850 1361 970 1456 lingua
985 1362 1198 1455 loquentem.
1247 1364 1381 1438 Omnes
1398 1378 1524 1440 autem

376 1489 436 1581 qui
453 1508 535 1556 eum
552 1483 741 1556 audiebant
760 1479 1016 1573 predicantem,
1034 1487 1134 1552 tanta
1151 1482 1331 1554 dulcedine
1348 1488 1523 1557 sermonis

374 1605 468 1675 illius
491 1609 573 1674 sunt
595 1597 720 1681 affecti,
745 1597 838 1690 quod
860 1596 898 1665 in
915 1604 1086 1687 quantum
1102 1621 1184 1669 eum
1201 1600 1329 1671 diutius
1344 1602 1520 1685 audirent,

375 1721 486 1815 magis
506 1718 687 1812 magisque
707 1713 808 1784 illum
828 1713 948 1783 audire
971 1713 1217 1786 desiderarent.
1269 1715 1339 1788 Sed
1361 1719 1518 1802 tandem,

374 1845 558 1931 postquam
575 1832 698 1903 refecti
715 1837 796 1901 sunt
812 1830 964 1900 universi
981 1830 1168 1923 saporifera
1184 1831 1277 1904 illius
1293 1835 1458 1919 doctrina,
1472 1859 1522 1908 ne

374 1951 582 2047 predicandi
595 1948 749 2019 officium
761 1947 938 2017 videretur
954 1969 1170 2039 praesumem,
1188 1951 1217 2020 si
1234 1950 1327 2022 solus
1339 1953 1522 2045 predicas-

374 2079 437 2151 set,
464 2069 514 2138 ait
533 2065 673 2160 populo,
701 2062 861 2134 “Audite
880 2063 957 2155 jam
976 2088 998 2134 a
1017 2063 1180 2136 iratribus
1199 2068 1289 2138 meis
1305 2070 1410 2139 verba
1425 2071 1518 2152 vitae,

374 2185 465 2277 “qui
487 2207 546 2254 me
568 2182 793 2275 perfectiores
813 2188 895 2251 sunt
916 2181 954 2250 in
971 2181 1053 2265 vita,
1071 2190 1108 2251 et
1126 2182 1363 2276 diligentiores
1383 2187 1420 2256 in
1436 2187 1520 2256 doc-

374 2299 525 2371 “trina”
576 2297 811 2370 Surrexerunt
835 2299 955 2390 itaque
979 2295 1129 2369 Sanctus
1153 2299 1280 2384 David,
1305 2310 1342 2372 et
1363 2301 1520 2372 humilli-

372 2440 451 2488 mus
468 2416 538 2487 Dei
555 2439 673 2487 servus
691 2414 872 2498 Paternus,
890 2422 927 2486 et
943 2415 1218 2508 praedicavenmt
1234 2417 1375 2511 populo,
1389 2420 1427 2488 in
1442 2417 1520 2489 Do-

372 2536 468 2605 mino
485 2533 709 2616 confidentes,
733 2533 793 2624 qui
810 2532 906 2614 dicit,
934 2531 1051 2602 “Cum
1073 2534 1237 2604 veneritis
1258 2542 1342 2605 ante
1362 2557 1463 2630 reges
1479 2545 1520 2606 et

373 2652 558 2744 “praesides
567 2650 678 2721 nolite
692 2651 846 2742 cogitare
865 2648 1050 2741 quomodo,
1064 2657 1126 2720 aut
1140 2651 1224 2742 quid
1243 2650 1443 2743 loquamini,
1457 2651 1521 2722 da-

373 2768 493 2838 “bitur
505 2768 600 2838 enim
612 2766 710 2836 vobis
723 2766 759 2834 in
772 2764 834 2836 illa
848 2764 935 2835 hora
951 2766 1035 2857 quid
1051 2763 1289 2858 loquamini.”⁹
1327 2766 1389 2838 Sic
1405 2771 1521 2840 sancti

371 2883 506 2954 alterna
517 2907 579 2954 sua
591 2882 845 2976 praedicatione,
859 2883 957 2973 quasi
975 2884 1117 2954 diversis
1134 2883 1282 2966 ferculis,
1296 2885 1518 2957 audientium

369 3007 507 3069 mentes
523 2999 735 3082 reficiebant,
752 3006 794 3068 ut
811 3000 900 3091 siqui
914 3023 1035 3070 eorum
1052 3001 1147 3092 prius
1162 3001 1200 3069 in
1217 2999 1286 3072 fide
1299 3001 1515 3086 vacillarent,

371 3113 510 3186 Sancte
525 3115 706 3186 Trinitatis
722 3116 838 3198 fidem,
852 3118 1077 3210 pergratiam
1099 3117 1354 3210 predicationis
1376 3128 1516 3190 sancto-

369 3255 448 3302 rum
472 3231 723 3326 perfectissime
748 3241 919 3303 tenerent.
976 3231 1062 3304 Post
1086 3234 1169 3316 baec,
1197 3235 1287 3304 sicut
1311 3237 1516 3307 nuntiatum

368 3348 484 3420 fuerat
500 3372 562 3443 per
574 3349 748 3444 angelum,
766 3351 811 3420 ab
823 3351 985 3421 universa
996 3349 1099 3443 plebe
1112 3350 1225 3434 electi,
1239 3350 1417 3421 sublimati
1430 3363 1517 3424 sunt

368 3468 561 3561 pontificali
575 3467 761 3562 dignitate;
786 3465 925 3537 Teliaus
938 3468 1015 3537 vice
1028 3465 1135 3551 Petri,
1150 3465 1266 3538 David
1279 3468 1355 3538 vice
1372 3466 1396 3538 J
1397 3470 1516 3554 acobi;

368 3593 405 3654 et
418 3587 515 3678 quasi
528 3587 565 3656 in
577 3586 817 3656 testimonium
830 3585 952 3678 gratiae
964 3605 1070 3675 quam
1082 3584 1131 3654 ibi
1143 3583 1313 3679 (Domino
1325 3583 1514 3679 largiente)

368 3711 599 3794 susceperant,
619 3703 701 3773 data
717 3709 799 3772 sunt
815 3702 865 3772 eis
882 3702 950 3771 tria
965 3722 1111 3770 munera
1127 3699 1295 3793 praetiosa,
1313 3710 1419 3794 prout
1434 3703 1516 3772 uni-

368 3817 494 3909 cuique
519 3820 762 3911 competebat:
799 3815 961 3900 Paterno,
987 3817 1132 3888 baculus
1157 3825 1195 3888 et
1219 3817 1366 3888 choralis
1391 3841 1512 3912 cappa,

365 3934 621 4023 praetiosissimo
635 3935 743 4004 serico
756 3942 932 4017 contexta,
946 3957 989 4004 eo
1001 3935 1096 4026 quod
1108 3931 1226 4005 illum³
1238 3935 1416 4029 egregium
1430 3959 1513 4006 can-

365 4054 479 4118 torem
509 4049 694 4119 videbant:
732 4048 863 4121 Sancto
888 4059 1008 4121 autem
1034 4049 1150 4122 David
1177 4049 1288 4122 altare
1312 4051 1510 4134 mirificum,

364 4163 452 4234 nulli
467 4165 558 4235 benc
575 4173 709 4247 notum,
728 4165 772 4236 de
785 4165 855 4258 qui
870 4163 1019 4238 materid
1031 4165 1153 4238 fuerit⁴
1170 4169 1414 4261 compositum
1440 4189 1511 4239 nec

363 4280 407 4350 ab
428 4305 465 4351 re
482 4281 553 4353 tale
570 4281 655 4374 quid
674 4283 708 4352 ei
725 4284 847 4353 datum
868 4293 932 4367 est,
954 4307 1036 4355 nam
1054 4284 1244 4376 jucundius
1264 4286 1395 4355 ceteris
1416 4283 1513 4381 cele-

362 4398 485 4469 brabat
496 4395 523 4469 :⁵
550 4396 751 4470 Novissime
768 4407 887 4469 autem
904 4401 1010 4470 beato
1027 4400 1184 4492 pontifici
1197 4399 1351 4484 Teliauo,
1364 4423 1435 4471 non
1448 4424 1515 4472 ex-

393 4805 528 4860 1111110.
572 4808 661 4863 21111.
675 4825 704 4864 x.
718 4811 760 4864 19.
800 4811 946 4867 mmo.
988 4809 1132 4865 ⁴Fott.0.
1172 4807 1514 4870 manuleatus&
