3316 5796
366 771 415 844 82
741 790 849 842 arnan
874 791 1132 844 nannavsnsrs.

365 959 435 1031 suis
447 959 616 1041 manibus,
629 957 674 1029 ad
691 959 920 1030 reverentiam
937 959 1026 1030 tanti
1043 959 1205 1043 thesauri,
1219 970 1257 1032 et
1273 961 1356 1034 toti1
1373 967 1502 1057 patriar,

363 1078 400 1147 in
417 1077 484 1146 tria
499 1075 636 1145 bacinia
652 1083 734 1144 ante
751 1074 859 1145 altare
877 1074 975 1146 Petri
991 1074 1148 1169 apostoli,
1162 1085 1199 1147 et
1211 1086 1409 1150 sanctorum
1422 1105 1504 1153 aon-

362 1193 531 1264 fessorum
549 1189 717 1274 Dubrieii,
735 1189 879 1274 Teliaui‚
894 1189 1061 1274 Oudoeei‚
1079 1193 1199 1263 statim
1215 1201 1312 1265 taotu
1329 1219 1505 1267 sacrarum

362 1309 586 1400 reliquiarum
610 1306 769 1377 ebullivit
791 1330 881 1400 aqua
901 1308 1065 1400 undique,
1088 1305 1195 1378 miro²
1214 1319 1251 1380 et
1266 1311 1376 1382 veluti
1397 1314 1504 1384 misso

361 1425 484 1518 grandi
498 1423 611 1494 calido
622 1431 660 1493 et
672 1423 779 1494 rubeo
793 1423 918 1516 lapide.
958 1423 1043 1494 Non
1056 1431 1195 1495 tantum
1206 1449 1270 1519 pro
1282 1425 1506 1500 ebullitione³

361 1541 570 1611 multimoda
584 1563 653 1632 ,per
669 1547 784 1610 totum
806 1540 983 1611 baeinium
999 1541 1215 1612 mirabantur
1230 1541 1426 1636 stupefaoti,
1445 1567 1505 1616 ve-

361 1681 440 1728 rum
461 1659 568 1728 etiam
588 1665 724 1728 tantam
745 1679 871 1749 aquam
891 1654 1057 1726 nimium⁴
1072 1656 1278 1728 calefactam
1294 1661 1502 1731 sentiebant.

364 1773 445 1846 Neo
467 1797 574 1868 parva
594 1772 687 1844 horae
714 1782 776 1843 aut
798 1774 910 1866 spatio
926 1773 1106 1856 momenti,
1130 1774 1316 1845 sedetiam
1336 1776 1503 1868 quamdiu
1530 1813 1534 1818 ·

361 1891 562 1962 alternatim
578 1891 809 1961 movebantur
819 1891 864 1960 ab
876 1889 945 1960 illis
958 1891 1190 1961 communiter
1206 1891 1244 1961 in
1255 1915 1353 1984 aqua,
1366 1894 1502 1964 tamdiu

362 2007 530 2100 usquead
546 2006 653 2076 finem
665 2005 861 2088 ablutionis,
875 2006 1053 2077 erescebat
1065 2006 1160 2078 calor
1172 2005 1209 2078 in
1221 2029 1323 2101 aqua;
1341 2031 1409 2078 nou
1421 2015 1501 2078 tau-
1517 2077 1519 2080 .

362 2133 440 2194 tum
453 2123 554 2206 visus,
568 2131 606 2192 et
621 2130 737 2193 taetus
754 2123 950 2193 sentiebant
965 2121 1182 2206 miraculum,
1196 2124 1267 2194 imo
1280 2124 1425 2208 auditus,
1438 2147 1501 2196 au-

363 2241 498 2312 dientes
514 2238 646 2322 oaloris,
664 2246 701 2309 et
716 2239 852 2308 humidi
869 2240 1022 2310 sonitum
1039 2248 1076 2311 et
1091 2239 1295 2310 tumultum.

413 2355 482 2426 IX.
508 2355 577 2427 His
594 2355 684 2438 visis,
702 2356 839 2439 auditis,
857 2363 894 2426 et
910 2355 1023 2438 tastis,
1041 2363 1081 2424 ut
1098 2364 1152 2426 est
1169 2357 1366 2428 “mirabilis
1379 2355 1502 2429 Domi-

363 2484 458 2544 ·‘nus
470 2473 507 2542 in
519 2471 647 2542 sanctis
660 2471 759 2554 snis,”
769 2473 905 2565 accepit
915 2471 1107 2566 Episcopus
1119 2495 1229 2542 unum
1242 2496 1280 2544 os
1293 2474 1337 2544 de
1350 2474 1502 2559 brachio,

363 2599 401 2662 et
413 2596 576 2672 tractans,
590 2584 677 2681 prae⁵
688 2588 797 2659 nimio
809 2589 936 2682 gaudio
948 2587 1083 2658 remisit
1099 2589 1137 2658 in
1152 2611 1289 2681 aquam,
1303 2598 1341 2660 et
1356 2591 1502 2662 missum

361 2708 407 2777 ad
429 2706 577 2776 fundum
597 2728 695 2797 aquae
714 2706 826 2774 movit
842 2727 879 2776 se
900 2706 938 2774 in
953 2704 1072 2788 fimdo,
1092 2727 1156 2798 per
1172 2706 1332 2798 spatium,
1349 2705 1447 2776 nullo
1464 2731 1504 2779 se

360 2829 526 2893 movente
542 2822 607 2892 nisi
625 2821 741 2891 divino
758 2822 941 2905 tutamine,
957 2845 1021 2915 per
1037 2819 1198 2892 nimiam⁶
1213 2821 1345 2892 boram.
1397 2822 1504 2906 Quod

361 2961 443 3009 eum
466 2938 607 3008 vidisset
630 2937 722 3008 solus
744 2938 914 3031 imprimis
937 2939 1120 3008 advocavit
1143 2936 1327 3009 Deeanum
1350 2939 1415 3010 sibi
1440 2941 1503 3011 ad·

360 3055 560 3136 haerentem,
578 3061 619 3124 ut
635 3055 770 3124 videret
787 3056 871 3126 ossis
888 3063 926 3126 et
942 3077 1039 3147 aquae
1055 3055 1257 3138 motionem,
1271 3055 1374 3126 simul
1391 3063 1428 3126 et
1445 3079 1503 3128 oa-

360 3171 553 3265 pellanum;
570 3179 608 3242 et
620 3168 792 3241 referunt⁷
800 3179 916 3266 grates
929 3170 1008 3241 Deo
1019 3173 1074 3267 (ut
1086 3171 1123 3241 in
1136 3194 1195 3242 ore
1205 3171 1352 3241 duorum
1365 3180 1427 3242 aut
1438 3173 1503 3242 tri-

361 3311 422 3358 um
440 3285 502 3358 sit⁸
522 3310 626 3358 omne
645 3286 917 3380 testimonium)
940 3311 1003 3382 pro
1020 3296 1119 3359 tanto
1135 3287 1313 3358 miraculo.
1364 3287 1503 3371 Quibus

360 3406 441 3476 visis
462 3406 508 3475 ad
530 3405 670 3476 laudem
687 3412 724 3475 et
746 3405 997 3476 exaltationem
1015 3404 1167 3479 ecelesias
1185 3402 1264 3487 Dei,
1281 3404 1402 3497 positae
1419 3413 1504 3476 sunt

360 3523 513 3616 reliquiae
531 3521 653 3594 Sancti
679 3520 839 3593 Dubrioii
863 3523 901 3592 in
925 3524 1084 3592 tumbam
1103 3521 1147 3591 ad
1171 3520 1239 3590 hoo
1255 3528 1383 3613 aptam,
1410 3527 1447 3592 et
1463 3521 1504 3592 in

360 3640 504 3732 antiquo
517 3640 736 3722 monasterio,
750 3647 833 3710 ante
845 3637 984 3709 Sanctae
1002 3636 1126 3708 Mariae
1143 3637 1252 3708 altare
1269 3659 1387 3708 versus
1404 3639 1503 3730 aqui-

360 3755 511 3826 lonalem
523 3756 676 3850 plagam3
702 3763 739 3827 et
756 3756 941 3849 praediatus
953 3753 1124 3836 Antiates,
1138 3755 1190 3823 vir
1202 3753 1301 3824 bonae
1313 3754 1502 3838 memoriae,

361 3871 481 3948 videns
506 3871 572 3942 looi
597 3873 815 3964 parvitatem,
841 3873 879 3942 in
904 3871 1122 3966 longitudine
1140 3889 1276 3940 xxvm.
1298 3871 1436 3962 pedum,
1463 3873 1503 3941 in

360 3985 545 4057 latitudine
563 4008 626 4058 xv.
644 3987 829 4059 altitudine
843 4009 910 4058 xx.
924 3997 1054 4058 etcum
1068 3987 1201 4058 duabus
1214 3986 1277 4055 alis
1290 4009 1336 4056 ex
1351 3994 1501 4078 utraque

358 4110 468 4196 parte,
492 4103 680 4173 admodum
702 4127 816 4196 parvae
836 4104 1051 4197 quantitatis,
1074 4111 1111 4174 et
1133 4101 1335 4185 altitudinis,
1357 4111 1394 4171 et
1416 4123 1501 4171 cum

358 4220 495 4313 portien
513 4240 579 4290 ΧΠ.
593 4221 723 4313 pedum
740 4220 966 4315 longitudinis
983 4228 1020 4291 et
1037 4220 1239 4320 latitudinis,
1252 4218 1408 4288 rotundo
1423 4241 1502 4289 mo-

359 4336 415 4420 lis3
433 4337 575 4408 oonsilio
593 4335 771 4430 Radulphi
784 4337 1043 4408 Cantuariensis
1059 4337 1212 4408 ecelesiae
1224 4334 1502 4429 Arehiepisoopi,

395 4575 496 4630 ¹Forte
513 4579 602 4632 totius.
621 4574 655 4628 Ε.
681 4575 796 4645 ΙῖΡοήο
813 4593 862 4647 pro
879 4577 954 4633 mire.
972 4575 1007 4631 B.
1045 4575 1206 4629 ΙΙνἸηιΙΙίοπί.
1225 4571 1305 4626 MSS.
1324 4570 1359 4625 B.
1398 4571 1505 4626 ⁴Mini-

358 4681 440 4717 mum.
458 4662 492 4717 Ο.
527 4665 610 4717 ῡΡνο.
626 4661 660 4716 Ο.
695 4661 866 4720 θΜὶηἰωωη.
884 4664 918 4721 0.
953 4663 1146 4731 mererentur.
1164 4659 1198 4714 Ο.
1232 4659 1308 4714 ⁸Fit.
1326 4657 1360 4713 Ο.
1395 4658 1507 4714 ⁹Deut.

361 4751 422 4806 xix.
436 4754 477 4806 15.
497 4751 565 4806 Mal.
578 4749 654 4804 xviii.
667 4752 708 4804 16.
