3348 5804
372 851 397 922 4
744 863 853 914 masa
877 860 1136 912 muonvnusrs.

373 1044 515 1130 propter
526 1033 826 1128 longinquitatem,
841 1037 878 1101 et
890 1026 1121 1120 periculosum
1133 1027 1319 1098 transitum
1336 1025 1462 1110 maris,¹
1477 1029 1513 1098 in

374 1153 597 1223 extremitate
609 1151 707 1244 regni
720 1149 795 1230 sita,
809 1155 846 1216 et
858 1152 999 1238 propter
1012 1144 1232 1214 sanctitatem
1245 1144 1322 1226 loci,
1341 1154 1377 1215 et
1389 1145 1513 1215 hones-

375 1276 505 1352 tatem3
532 1268 762 1348 sanctitatem,
788 1285 869 1333 cum
887 1283 947 1331 xx.
965 1259 1076 1329 millia
1092 1269 1288 1331 sanctorum
1305 1262 1354 1332 ibi
1371 1263 1513 1353 jaceant

377 1407 520 1478 corpora
532 1383 774 1463 confessorum,
785 1389 952 1470 tanquam
964 1371 1175 1458 manuum?
1190 1376 1418 1460 honestatem,
1433 1401 1515 1447 oum

378 1501 424 1570 sit
453 1499 666 1569 circumdata
697 1497 851 1588 undique
880 1494 967 1563 mari
997 1499 1034 1561 et
1067 1493 1234 1562 eminenti
1267 1495 1514 1586 promontorio,

378 1615 536 1686 orientali
558 1611 680 1708 plagin
710 1609 917 1683 occidentali
947 1631 1028 1678 vero
1057 1607 1170 1700 plana,
1201 1617 1238 1679 et
1266 1610 1373 1680 fertili
1401 1610 1513 1704 gleba,

378 1731 521 1800 humida
550 1731 647 1800 fonte
676 1727 851 1810 dulcifluo,
882 1734 919 1796 et
945 1725 1073 1818 partim
1102 1726 1285 1809 maritima,
1315 1735 1353 1796 et
1380 1726 1516 1797 delfinis
1613 1729 1616 1734 ’

378 1848 535 1940 copiosa;
565 1869 641 1938 quae
666 1845 762 1914 omni
787 1850 881 1913 caret
907 1849 1075 1934 serpente,
1104 1849 1140 1910 et
1165 1843 1260 1911 omni
1285 1841 1386 1924 rania
1416 1851 1453 1912 et
1478 1845 1516 1913 in

378 1961 596 2054 quianullus,
622 1961 768 2031 fratrum
788 1959 908 2052 junior
932 1957 1083 2049 quidem,
1109 1966 1222 2028 morte
1246 1969 1515 2052 praeoccupatur,

378 2102 459 2148 cum
493 2079 606 2148 senior
639 2083 811 2168 superstet
847 2075 913 2144 hac
945 2075 1106 2166 praesenti
1140 2072 1222 2144 vitai.
1286 2074 1400 2159 Quam
1431 2098 1516 2145 cum

379 2195 444 2266 sibi
462 2195 637 2288 cognitam
657 2193 827 2263 habuerat
842 2193 881 2261 in
897 2191 1087 2273 fertilitate,
1113 2187 1234 2261 immo³
1258 2193 1295 2262 in
1320 2194 1514 2276 sanctitate,

379 2319 501 2381 nautas
526 2311 663 2381 Christo
689 2309 955 2390 commendavit,
986 2315 1022 2377 et
1048 2306 1236 2377 solitariam
1260 2309 1378 2392 vitam,
1408 2331 1518 2401 quan-

378 2450 483 2519 quam
507 2428 667 2509 novitius,
693 2435 731 2496 et
755 2426 849 2495 rudis
874 2423 1034 2506 nutritus,
1061 2418 1194 2506 vitam,⁴
1216 2424 1260 2494 de
1283 2424 1340 2494 die
1361 2427 1399 2495 in
1421 2427 1516 2496 diem

257 2611 262 2621 ,
379 2543 578 2614 emendavit
606 2544 643 2612 in
671 2542 805 2613 melius.
862 2540 932 2625 Qui
962 2563 1024 2632 per
1048 2559 1112 2608 vn.
1140 2563 1309 2609 annorum
1336 2541 1514 2626 circulum,

378 2683 459 2729 cum
481 2653 702 2752 quibusdam⁵
724 2659 869 2728 fratrum
895 2655 1051 2749 collegia,
1077 2656 1227 2726 ducebat
1249 2658 1378 2740 vitam3
1408 2681 1517 2750 quan·

379 2776 492 2867 doque
534 2774 628 2845 solus
665 2775 774 2844 vitam
811 2780 976 2854 sanctam,
1019 2773 1128 2841 vitam
1173 2772 1367 2866 gloriosam,
1406 2776 1516 2844 vitam

379 2899 519 2974 castam,
545 2900 688 2961 etcum
714 2915 790 2961 raro
815 2913 914 2983 pane,
944 2889 1042 2958 tenui
1071 2897 1178 2971 veste,
1213 2889 1388 2960 maceratis
1416 2891 1514 2974 facie,

379 3007 503 3098 quibus
544 3006 620 3077 aliis
656 3028 720 3090 vn,
763 3006 918 3077 desolata
954 3013 1031 3075 tota
1068 3004 1298 3089 Guenedctia,
1338 3006 1429 3076 solus
1461 3031 1517 3078 re-

377 3123 505 3192 mansit
533 3124 570 3192 in
603 3122 769 3206 heremo‚⁶
797 3146 862 3193 nec
891 3122 993 3193 aliter
1025 3122 1176 3192 habebat
1209 3124 1253 3192 ad
1286 3124 1417 3193 victum
1450 3125 1517 3195 nisi

376 3241 652 3312 ministrantibus
677 3241 742 3312 sibi
769 3244 871 3336 (nutu
891 3239 975 3329 Dei)
1002 3241 1167 3310 creaturis
1193 3240 1299 3310 divini
1323 3243 1514 3324 tutaminis,

377 3358 465 3428 mari
490 3357 661 3441 videlicet,
693 3367 730 3429 et
754 3358 887 3450 aquilis,
917 3356 1048 3450 angelis
1073 3364 1115 3425 ut
1139 3358 1303 3429 dicemus.
1354 3359 1516 3444 Quadam

378 3474 434 3544 die
451 3475 592 3545 advenit
608 3477 773 3570 magister
786 3475 1012 3556 Caaarocus
1026 3481 1067 3542 ut
1080 3474 1213 3544 videret
1230 3475 1382 3559 fratrem,
1396 3477 1517 3546 vivum

378 3598 439 3660 aut
468 3600 655 3661 mortuum.
708 3591 756 3661 Et
785 3581 979 3661 allandens⁷
1007 3590 1141 3660 invenit
1170 3589 1238 3660 Dei
1269 3591 1438 3662 famulum
1465 3593 1518 3662 vi-

377 3715 528 3788 ventem,
560 3731 756 3800 quanquam
789 3715 1013 3789 maceratum,
1047 3707 1165 3776 dicens
1194 3708 1236 3790 ei,
1273 3706 1336 3779 “O
1366 3708 1515 3778 dilecte!

379 3829 398 3858 “
409 3819 497 3904 Quis
513 3829 550 3890 te
566 3825 772 3914 procuravit,
794 3831 893 3894 tanto
911 3823 1091 3894 conamine
1108 3831 1341 3915 sequestratus
1357 3826 1402 3895 ab
1420 3826 1516 3895 omni

379 3934 590 4006 “hominum
617 3940 899 4011 conversatione?
955 3935 1049 4009 Scio⁸
1071 3939 1187 4009 nullus
1210 3941 1254 4010 de
1277 3939 1395 4011 nostrai
1417 3942 1518 4013 deso-

378 4061 398 4090 ‘⁴
408 4049 481 4120 lats
500 4053 649 4144 regione,
676 4064 713 4125 et
734 4056 884 4126 alienata
904 4079 925 4126 a
945 4065 982 4126 te
999 4055 1060 4127 diu
1076 4057 1172 4126 omni
1189 4051 1344 4129 navium⁹
1363 4057 1518 4151 applico-

413 4391 420 4418 ¹
432 4386 522 4442 Verba
537 4392 681 4442 tramitum
696 4393 779 4446 maria
793 4392 918 4465 suppleta
933 4399 998 4449 sunt
1013 4413 1028 4449 e
1043 4395 1109 4450 Vita
1124 4395 1152 4451 S.
1167 4396 1291 4450 Dubricii
1307 4396 1335 4448 in
1349 4394 1401 4448 hoc
1415 4395 1517 4465 codice,

287 4515 289 4520 ,
377 4474 469 4544 inqua
479 4480 538 4530 tota
548 4475 604 4529 haec
616 4477 757 4550 descriptio
769 4479 862 4534 insula
873 4481 907 4535 ad
918 4482 1032 4537 verbum
1041 4483 1097 4538 fere
1106 4488 1147 4538 cst
1155 4484 1276 4555 repetita.
1290 4483 1324 4538 B.
1359 4487 1370 4515 ⁹
1380 4481 1434 4537 Pro
1443 4500 1518 4536 ntor-

377 4567 475 4630 tyram.
493 4561 527 4616 E.
562 4561 713 4620 ’Pretiae'
728 4565 761 4621 E.
796 4567 914 4622 ⁴Altera
925 4585 981 4622 vox
993 4573 1073 4624 attam
1084 4569 1213 4638 abundat,
1231 4571 1282 4624 nisi
1296 4569 1521 4640 subintelligatur

376 4663 455 4714 aperta
465 4653 526 4718 post
537 4649 663 4719 priorem.
682 4650 715 4705 B.
751 4653 824 4722 ⁶810,
838 4653 984 4726 legendum
996 4661 1087 4712 tamen
1099 4659 1271 4726 qwmadcm.
1290 4656 1323 4712 B.
1358 4655 1521 4711 'Inhocet

375 4730 511 4786 aliislocis
522 4734 688 4807 codicis,pro
697 4755 787 4794 aenae.
805 4739 839 4795 E.
874 4741 939 4797 'Sic
949 4743 1028 4798 MSS.
1039 4743 1108 4798 forte
1117 4761 1166 4814 pro
1178 4745 1323 4798 dandam.
1338 4741 1371 4796 E.
1408 4743 1520 4798 weron.

376 4815 410 4873 0.
446 4817 528 4873 Forte
540 4819 684 4892 legendum
695 4827 758 4881 Scit.
776 4825 810 4883 B.
829 4833 857 4883 et
869 4846 941 4884 nenio
953 4847 1001 4902 prc
1014 4831 1113 4885 nanas.
1132 4829 1165 4886 E.
1202 4833 1345 4886 ⁹Ominum
1357 4831 1429 4884 aovi.
1447 4827 1482 4882 Ο.
