3316 5796
513 841 618 892 trouu
642 841 898 892 uunsvnusrs.
1221 823 1268 895 89

193 1010 383 1082 cunnus
401 1005 604 1100 Episcopus,
617 1027 735 1076 servus
747 1027 922 1074 servorum
936 1002 1013 1089 Dei,
1032 1005 1167 1077 dilectis
1183 1006 1271 1091 filiis,

137 1125 323 1207 monachis,
332 1121 530 1217 capellanis,
540 1121 721 1202 canonicis,
728 1119 889 1192 Woltcro
899 1120 972 1191 filio
982 1119 1131 1206 Ricardi,
1141 1120 1269 1194 Brinno

140 1242 214 1312 filio
234 1239 387 1321 Comitis,
411 1237 594 1308 Willclmo
616 1237 689 1307 filio
705 1235 856 1320 Bcdrun
880 1236 1036 1307 Robcrto
1056 1239 1099 1308 dc
1122 1237 1268 1324 Gaudos,

144 1356 283 1428 Gefridc
300 1357 344 1427 dc
360 1354 457 1437 Broi‚
472 1352 611 1448 Pogono
628 1352 700 1423 filio
712 1351 736 1423 J
738 1350 904 1436 chunnis,¹
917 1351 1094 1424 Bernurdo
1107 1355 1150 1426 de
1165 1356 1269 1428 Novo

141 1473 311 1556 Mercatu,
325 1469 526 1543 Gumbnido
538 1470 582 1541 de
594 1468 764 1552 Ludoiou,
778 1468 917 1563 Rogero
932 1470 976 1539 dc
993 1468 1152 1554 Berkele,
1171 1471 1271 1545 Guli-

141 1591 231 1662 elmo
243 1587 459 1659 vice-comiti
471 1586 514 1656 dc
527 1586 645 1670 Genti,
661 1583 838 1656 Gulielmo
853 1585 926 1656 filio
942 1585 1070 1680 Rogeri
1087 1587 1131 1657 de
1144 1588 1268 1674 Remu,

141 1708 294 1779 Roberto
304 1703 378 1775 filio
388 1703 528 1797 Rogcri,
539 1703 695 1774 Robertc
709 1724 789 1772 cum
798 1702 900 1773 tortis
908 1703 1075 1786 munibus,
1087 1713 1123 1774 ct
1140 1709 1272 1780 coeteris

139 1848 200 1917 per
212 1821 477 1893 landavensem
493 1819 730 1912 episcopatum
746 1817 928 1902 nobilibus,
946 1819 1103 1916 alutem,
1120 1829 1157 1890 et
1174 1845 1272 1914 apos-

139 1941 280 2012 tolicum
304 1931 608 2008 benevolentium.²
658 1933 785 2005 Matris
811 1943 935 2006 vestroe
961 1934 1194 2009 Lundcvensis
1215 1963 1271 2009 ec-

140 2057 251 2128 clesiae
267 2055 313 2125 ad
329 2075 392 2124 nos
410 2051 551 2145 quercla
568 2051 735 2144 pervenit,
758 2073 820 2144 pro
837 2075 880 2122 eo
896 2053 989 2144 quod
1014 2075 1078 2145 per
1095 2077 1156 2124 vos
1172 2055 1271 2127 bonis

139 2175 209 2244 suis
231 2170 415 2264 expoliata,
440 2178 477 2240 et
500 2167 571 2239 fere
592 2169 630 2237 in
646 2167 794 2238 nihilum
815 2168 956 2238 redacto
970 2169 1025 2238 sit.
1076 2167 1181 2242 Unde
1198 2195 1269 2256 nos,

140 2287 322 2358 affectione
337 2284 458 2356 debito
477 2283 709 2368 condolentes,
726 2292 910 2377 presentes
926 2283 971 2356 ud
986 2306 1047 2356 vos
1062 2285 1180 2358 literas
1196 2287 1272 2360 des-

141 2405 309 2484 tinunrns3
333 2407 523 2482 monentes,
538 2423 578 2470 ac
594 2400 834 2492 praecipientes
849 2409 891 2470 ut
906 2408 1024 2483 terras,
1038 2401 1197 2486 decimas,
1211 2405 1271 2476 ob-

141 2519 301 2600 lationes,
311 2516 509 2610 sepulturus,
520 2525 558 2587 ct
569 2517 661 2588 bonu
674 2523 806 2600 cetero,
820 2540 896 2609 quae
909 2525 970 2587 cut
982 2516 1096 2587 eidem
1108 2517 1270 2604 ecclesie,

140 2643 206 2706 aut
222 2633 298 2704 aliis
314 2633 355 2704 de
369 2633 478 2725 ipsius
496 2631 659 2726 parochio
673 2632 836 2716 ecclesiis,
853 2632 1013 2724 nequiter
1028 2632 1218 2704 obstulistis
1234 2644 1272 2707 et

139 2750 314 2832 detinetis,
337 2749 488 2842 seposito
509 2747 684 2832 diletione,
708 2748 870 2820 reddatis.
922 2746 1086 2839 Iniquum
1102 2755 1156 2818 est
1178 2750 1271 2820 enim

139 2876 180 2937 nt
192 2866 255 2936 filii
267 2872 416 2936 matrem
433 2865 595 2947 lucerent,
622 2872 659 2936 et
671 2863 867 2936 illiusbone
879 2864 1051 2956 diripiant,
1077 2887 1180 2956 quum
1198 2887 1271 2936 onr-

139 2979 224 3054 nino
236 2983 338 3064 tueri,
352 2989 390 3052 et
402 2980 528 3052 desuis
541 2981 732 3052 debuerunt
743 2980 966 3052 foenoribus
978 2981 1148 3072 adjuvere.
1180 2981 1272 3053 Sanc

140 3100 169 3170 si
192 3099 319 3170 nostris
339 3097 483 3168 monitis
503 3097 650 3180 obedire,
678 3104 716 3167 et
735 3098 934 3190 predictam
954 3105 1102 3168 matrem
1122 3095 1206 3168 vest

141 3215 345 3286 curaveritis
360 3213 531 3304 adjuvare,
555 3213 804 3306 omnipotentis
824 3211 905 3298 Dei,
929 3221 966 3284 et
986 3215 1081 3285 besti
1103 3211 1209 3297 Petri,
1235 3223 1273 3286 et

140 3341 306 3412 nostrum,
327 3329 486 3423 poteritis
505 3329 653 3422 gratiam
673 3325 854 3400 obtinere.⁸
901 3326 1070 3422 Alioquin
1091 3351 1153 3400 nos
1174 3332 1273 3424 (prae-

141 3453 258 3518 stante
275 3441 368 3534 Deo)
385 3445 423 3514 in
440 3465 509 3528 vos,
526 3453 691 3537 tunquam
710 3445 748 3514 in
769 3451 1024 3537 contemptores
1046 3451 1083 3514 et
1105 3443 1273 3538 sacrilegii

141 3585 229 3644 reos,
255 3561 464 3632 sententiam
487 3582 590 3652 quum
613 3560 817 3631 venerabilis
837 3560 944 3631 frater
965 3567 1082 3630 noster
1098 3556 1271 3642 Urbanus,

142 3678 338 3772 Episcopus
360 3683 483 3758 vester,
507 3677 671 3747 cononica
692 3677 856 3770 equitate
877 3675 1071 3769 protulerit,
1094 3673 1274 3746 confirme-

142 3791 248 3864 mus.⁴
296 3791 380 3863 Dat.
400 3789 572 3874 suessoni,
591 3812 684 3863 xvn.
702 3793 765 3863 cul.
785 3789 891 3863 Νον.5

192 4026 382 4098 Gnmxrus
399 4023 598 4117 Episcopus,
616 4047 733 4096 servus
750 4045 925 4096 servorum
939 4023 1016 4106 Dei,
1031 4021 1165 4094 dilectis
1183 4022 1272 4120 filiis,

141 4141 286 4224 clericis,
303 4140 546 4224 monachicos
568 4139 673 4225 laicis,
694 4141 731 4211 in
752 4139 985 4212 Landuvensis
1003 4137 1155 4210 ecolesiae
1176 4162 1274 4232 paro·

77 4323 81 4330 .
142 4259 221 4330 chin
243 4257 453 4339 constitutis,
479 4255 636 4340 sulutem,
665 4265 702 4328 ct
727 4257 950 4350 apostolicam
974 4251 1276 4326 benevolentium.²

143 4375 360 4448 Venientem
376 4373 422 4444 od
437 4395 500 4442 nos
512 4372 745 4445 venerabilem
758 4361 899 4445 fratrem
912 4381 1068 4442 nostrum
1081 4369 1273 4454 Urbanum,

174 4695 308 4754 ¹101».st
345 4695 579 4750 ’mom
598 4691 632 4748 0.
665 4693 918 4762 ⁸Sic0.optr'nore.
943 4692 980 4746 Η.
1015 4691 1098 4762 ⁴Lsg.
1116 4689 1274 4758 corfirmotr'-

139 4801 202 4840 nru.
221 4785 256 4840 Β.
292 4783 350 4836 ⁵16
363 4778 499 4847 Octobris,
511 4778 586 4834 ul).
599 4781 676 4835 1119.
