3316 5796
524 815 630 866 mssa
654 816 914 868 usunsvnssrs.
1220 805 1289 876 103

131 990 302 1060 “sionem
324 985 492 1078 accipias,
514 991 551 1054 et
572 985 617 1054 sis
638 1007 738 1054 meus
755 986 930 1056 confessor
946 987 983 1056 in
1005 985 1189 1060 Domino.'’
1241 993 1290 1065 Et

138 1105 301 1200 pontifex
313 1103 540 1174 consentiens
553 1101 687 1193 accepit
700 1101 952 1174 confessionem
965 1127 1073 1188 suam,
1084 1115 1120 1176 et
1133 1111 1292 1199 promisit

145 1222 209 1304 iiii,
227 1223 341 1291 dicens
357 1243 443 1290 cum
464 1218 600 1299 fiducia,
619 1241 690 1287 non
707 1219 861 1288 visurum
877 1242 914 1290 se
930 1230 1091 1305 mortem,
1113 1224 1178 1294 nisi
1197 1227 1293 1317 prius

27 1385 28 1392 ι
150 1339 317 1432 acciperet
327 1358 456 1429 corpus
465 1334 718 1426 Domini,quod
727 1335 801 1427 ipse
811 1346 1054 1409 consecrasset.
1083 1340 1131 1410 Et
1139 1343 1291 1426 iudanis

149 1456 305 1549 peractis,
317 1453 477 1547 perrexit
495 1459 634 1520 sanctus
646 1473 727 1520 cum
741 1453 810 1522 suis
824 1455 1020 1538 comitibus,
1032 1458 1077 1528 ad
1090 1456 1291 1535 Armoricas

147 1582 278 1668 gentes,
297 1579 335 1641 et
351 1567 444 1640 bene
462 1569 627 1638 continuo
650 1578 831 1662 susceptus
851 1579 907 1640 est
927 1572 972 1642 ab
993 1574 1053 1644 eis.
1108 1574 1289 1654 Audiente

148 1689 327 1769 Samsone,
347 1685 512 1756 Dolensis
531 1685 685 1754 ecclesiae
700 1682 984 1781 Archiepiscopo,
1003 1691 1193 1764 adventum
1211 1721 1293 1768 con·

19 1798 20 1871 j
146 1807 261 1906 fratris
278 1804 333 1876 sui
355 1805 393 1872 in
416 1802 573 1895 patriam,
592 1803 744 1872 occurrit
760 1803 792 1872 ei
810 1826 891 1872 cum
907 1806 1045 1898 gaudio,
1063 1832 1145 1879 nam
1163 1812 1207 1882 do
1223 1838 1294 1886 una

146 1925 287 2018 regione
301 1919 473 2014 procreati
491 1917 637 2000 fuerant,
652 1927 689 1988 ct
702 1919 805 1989 unius
818 1919 945 2014 linguae
958 1923 1032 2005 viri,
1046 1932 1083 1994 ct
1096 1927 1199 1999 simul
1213 1953 1293 2004 cum

145 2043 250 2112 beato
268 2037 438 2108 Dubricio
456 2033 714 2128 Archiprsesule
731 2037 858 2118 edocti,
875 2045 912 2108 et
929 2040 1027 2131 cujus
1044 2063 1167 2116 manus
1184 2048 1296 2142 impo-

148 2159 275 2227 sitione
293 2153 444 2225 Sanctus
468 2150 616 2222 Samson
637 2161 858 2224 consecratus
875 2156 983 2225 estin
1001 2156 1295 2254 Episcopum,1ua

16 2321 17 2372 1
148 2276 189 2344 in
201 2272 293 2346 Vita
305 2295 365 2342 sua
375 2265 560 2351 testatum²
576 2270 781 2362 rogavitque
795 2268 965 2342 Sanctum
978 2273 1146 2360 Teliaum,
1159 2288 1200 2348 ut
1213 2305 1294 2353 cum

151 2389 217 2460 illo
236 2388 433 2468 habitasset,
454 2393 492 2456 et
514 2386 692 2477 adquievit
709 2388 751 2469 ei,
777 2395 912 2458 etcum
929 2413 972 2460 eo
989 2403 1223 2468 commoratus
1240 2408 1294 2470 est

15 2547 16 2560 ι
150 2504 269 2576 multo
282 2513 444 2597 tempore,
459 2503 559 2574 stibi
574 2503 715 2595 reliquit
729 2504 887 2595 quaedam
904 2509 1096 2599 patrocinia
1112 2533 1181 2580 suae
1198 2537 1295 2586 sanc·

148 2623 276 2704 uitatis,
303 2621 418 2703 idest,
445 2619 581 2690 fontem
602 2619 796 2704 sanifluum,
824 2621 888 2692 Oai
913 2625 1063 2707 nomine,
1091 2649 1196 2718 quem
1221 2630 1295 2721 ipse

147 2741 279 2811 meruit
304 2762 325 2808 a
350 2737 506 2807 Domino
532 2735 711 2806 derivare.³
765 2737 814 2808 Et
838 2740 931 2810 inter
955 2750 1080 2812 caetera
1105 2746 1295 2818 sanitatum

147 2880 233 2950 quas
255 2855 384 2925 infirmi
406 2855 451 2924 de
473 2853 535 2923 illo
558 2854 748 2946 impetrant
769 2855 806 2925 in
830 2856 899 2928 Dei
921 2858 1071 2941 nomine,
1096 2869 1133 2930 et
1150 2862 1293 2948 Teliaui,

15 3055 16 3078 χ
148 2997 258 3044 unum
271 2967 668 3043 inclitum⁴miraculum
680 2981 862 3064 permanet
874 2974 925 3044 ibi
937 2998 1046 3067 usque
1056 2976 1169 3049 hodie.
1198 2979 1295 3052 Nam

145 3099 263 3162 nautae
285 3089 380 3159 illius
401 3088 518 3183 gentis
535 3084 736 3170 Armoricae,
762 3097 905 3182 propter
924 3101 1069 3163 ventum
1089 3107 1295 3170 consuetum

18 3226 21 3283 J
147 3211 192 3280 ad
205 3231 313 3278 naves
324 3206 476 3287 illorum,
491 3206 580 3274 utin
594 3205 766 3275 directum
779 3209 941 3301 navigare
957 3213 1089 3303 possint
1102 3214 1146 3283 ad
1158 3224 1294 3285 rectum

16 3379 17 3396 ι
145 3327 217 3396 iter
233 3325 295 3394 ubi
312 3324 432 3404 velint,
451 3331 657 3392 consuetum
677 3321 810 3393 habent
830 3324 932 3394 illum
948 3326 1139 3398 salvificum
1161 3330 1295 3401 fontem

146 3463 313 3536 purgare;
340 3448 377 3510 et
394 3439 517 3531 saepius
536 3462 576 3508 ac
589 3440 713 3532 saepius
725 3463 788 3532 per
801 3441 1054 3512 interventum⁵
1068 3443 1189 3514 Sancti
1203 3444 1296 3516 Pon-

147 3560 264 3642 tificis,
284 3557 458 3628 Dominus
476 3555 621 3649 largitur
640 3558 836 3648 precarium
859 3558 1008 3641 illomm,
1026 3560 1062 3629 id
1080 3567 1133 3629 est
1151 3569 1295 3632 ventum

147 3677 194 3746 ad
210 3676 331 3746 velum
348 3674 486 3767 navigii,
501 3681 541 3742 ut
558 3695 640 3742 cum
656 3675 784 3766 gaudio
800 3675 1003 3768 gradiantur
1017 3698 1080 3767 per
1097 3699 1295 3767 aequoreum

147 3794 228 3873 iter,
245 3792 307 3861 ubi
325 3791 391 3861 sibi
404 3789 495 3860 velle
508 3787 691 3858 videatur.⁶
740 3790 790 3860 Et
803 3790 898 3860 aliud
915 3792 1146 3883 patrocinium
1160 3795 1213 3863 sui
1227 3803 1295 3866 tes-

147 3909 290 3979 timonii
305 3908 357 3978 ibi
372 3905 528 3998 reliquit:
555 3905 637 3999 Ipse
654 3907 758 3988 enim,
772 3915 809 3976 ct
825 3909 1010 4001 pradictus
1028 3906 1178 3980 Sanctus
1196 3909 1296 3982 Sam-

148 4049 213 4096 son
235 4025 482 4119 plantavenmt
503 4045 670 4116 magnum
691 4047 814 4094 nemus
831 4025 981 4094 arboreti
1002 4023 1182 4119 frugifer!
1198 4031 1296 4119 quasi

150 4143 195 4212 ad
211 4143 282 4211 tria
298 4141 469 4222 milliaria,
490 4139 526 4208 id
543 4147 607 4221 est,
629 4163 651 4209 a
667 4137 739 4211 Dol
756 4163 865 4232 usque
882 4142 919 4210 in
936 4140 1010 4224 Oai,
1029 4150 1066 4212 et
1089 4143 1296 4214 decorantur

151 4259 227 4351 ipsa
243 4279 388 4328 nemora
404 4279 451 4327 ex
468 4277 588 4326 eorum
608 4257 759 4339 nomine,
777 4258 941 4349 usquein
963 4257 1169 4328 hodiernum
1187 4260 1295 4344 diem3

153 4382 323 4446 vocantur
339 4374 434 4444 enim
448 4369 625 4444 Arboreta
640 4371 783 4454 Teliaui,
802 4382 839 4444 et
853 4372 1039 4444 Samsonis.
1091 4374 1140 4444 Et
1157 4397 1202 4445 ex
1219 4373 1297 4446 illo⁸

187 4613 357 4683 ¹Ept'rcopua.
376 4613 411 4668 0.
448 4609 678 4664 ²Scilicetinhoo
696 4611 785 4666 codice
800 4617 887 4666 antea.
906 4611 939 4666 E.
975 4611 1039 4665 ³Sic
1062 4611 1097 4664 Ο.
1116 4613 1238 4667 dirivare.
1258 4611 1296 4667 Η.

154 4699 312 4771 *Incipiam
327 4702 359 4756 Ο.
396 4699 466 4754 ⁵sic
479 4696 512 4750 0.
525 4701 686 4753 intuentum.
700 4697 738 4754 H.
773 4699 942 4754 ⁶Vr'daut.0.
977 4698 1080 4752 ⁷Forte
1089 4696 1140 4769 leg.
1146 4699 1297 4766 fructiferi.

154 4785 185 4841 E.
217 4790 283 4842 8Εο.
304 4789 336 4843 0.
