3348 5804
516 849 622 900 urana
646 851 906 903 nrunrvsnsrs.
1235 837 1279 908 13

137 1022 229 1090 mine
253 1017 454 1101 Dubricius,
481 1019 620 1090 missam
646 1018 872 1090 ordinationis
896 1019 971 1111 ejus
996 1019 1185 1093 celebravit
1209 1047 1279 1096 una

138 1159 218 1206 cnm
244 1138 409 1230 magistro
441 1133 571 1217 Ildnto,
601 1133 798 1204 columbam
825 1134 966 1206 coelitirs
991 1137 1151 1208 emissam
1177 1161 1279 1233 super

138 1251 301 1322 Sanctum
318 1251 529 1323 Samsonem
551 1250 758 1322 mirabiliter
775 1259 867 1324 stare
884 1253 992 1336 vidit,
1018 1261 1152 1324 etcum
1174 1277 1277 1349 snper

138 1391 214 1438 eurn
237 1368 433 1461 Episcopus
449 1389 592 1438 manum
614 1367 753 1451 levavit,
780 1368 942 1454 columba
963 1371 1000 1440 in
1022 1369 1182 1442 dextram
1205 1395 1278 1444 sca

137 1484 249 1576 pulam
272 1486 347 1578 ejus
370 1483 562 1566 descendit,
588 1491 626 1554 et
650 1484 699 1553 ibi
722 1485 880 1555 consedit
902 1485 1068 1577 quamdiu
1085 1485 1277 1581 Episcopus

137 1599 283 1670 officium
311 1599 512 1671 celebravit.
565 1597 651 1669 Non
677 1596 813 1674 multis¹
837 1609 919 1693 post
943 1600 1016 1671 haeo
1043 1603 1141 1673 annis
1165 1613 1277 1675 trans-

137 1717 223 1798 actis,
266 1717 313 1788 ab
345 1717 472 1788 eodem
505 1714 679 1809 Episcopo
712 1725 932 1788 consecratus
965 1725 1019 1788 est
1051 1719 1089 1789 in
1119 1721 1275 1791 ordinem

137 1833 420 1928 presbyteratirs3
447 1833 508 1903 sed
530 1839 568 1902 et
590 1830 753 1903 columba
775 1833 819 1902 de
842 1832 930 1905 coelo
954 1855 1159 1926 supereum
1185 1837 1275 1906 sicut

32 2021 33 2028 ,
136 1951 221 2042 prius
237 1951 433 2032 descendit,
460 1957 497 2019 et
513 1948 665 2020 electum
683 1947 752 2019 Dei
774 1949 973 2021 innocentia
993 1951 1151 2044 signavit.
1202 1949 1275 2022 Hic

32 2133 33 2140 ,
137 2087 210 2136 vero
230 2066 375 2138 Ildntus
397 2067 435 2136 in
457 2089 519 2136 suo
541 2065 751 2136 monasterio
774 2065 861 2136 duos
883 2074 1028 2159 nepotes
1051 2065 1175 2138 habuit
1196 2091 1274 2162 ger·

137 2203 270 2266 manos;
300 2205 449 2274 quorum
464 2203 554 2251 nnus
571 2181 738 2264 sacerdos,
764 2181 855 2253 alter
871 2205 952 2252 vero
970 2183 1043 2254 sine
1058 2184 1177 2276 gradu,
1200 2185 1273 2276 ejus

137 2297 200 2368 fuit
221 2295 444 2370 cellerarius.8
494 2296 663 2368 Sacerdos
680 2320 771 2382 vero,
798 2299 941 2391 cupiens
962 2307 1042 2392 post
1063 2299 1273 2371 avrmculum

138 2415 308 2505 possidere
329 2415 589 2497 monasterium,
599 2415 670 2494 sed
688 2421 851 2485 metuens
868 2413 1038 2486 Sanctum
1055 2412 1271 2499 Samsonem,

138 2552 182 2600 ne
195 2530 238 2599 ob
249 2531 396 2624 gratiam
409 2531 580 2601 virtutum
593 2531 638 2601 ad
651 2527 832 2602 Abbatem
845 2531 889 2602 ab
902 2531 1062 2602 omnibns
1075 2530 1271 2624 eligeretur,

139 2652 176 2714 et
200 2647 270 2739 ipse
295 2647 342 2716 sic
362 2648 573 2718 monasterio
595 2647 797 2739 privaretur,
821 2646 1040 2717 mortiferum
1063 2667 1143 2716 cum
1166 2645 1272 2717 hatra

137 2762 213 2832 iniit
236 2763 427 2834 consilium.
491 2761 587 2833 Nam
613 2763 768 2854 ejusdem
793 2763 862 2833 loci
887 2763 1009 2833 fratres
1034 2762 1210 2833 habebant
1234 2764 1271 2833 in

136 2881 393 2962 consuetudine,
427 2880 608 2972 potionem
637 2874 842 2950 herbarum³
869 2887 950 2971 post
981 2879 1102 2949 missas
1131 2878 1269 2950 habere.

32 3007 33 3044 ³
135 2996 336 3068 cellerarius
367 2996 483 3066 hatris
511 2996 564 3066 sui
589 2994 732 3066 consilio
757 3017 932 3066 venenum
956 2994 1116 3078 confecit,
1147 3002 1185 3066 et
1207 3017 1271 3088 per

135 3109 298 3206 pelacem⁴
316 3112 541 3184 mortiferum
562 3133 638 3182 csse
659 3111 829 3204 probavit,
855 3118 892 3181 et
914 3113 952 3181 in
973 3111 1132 3204 sciphum
1149 3109 1271 3182 Sancti

32 3245 33 3298 ἲ
136 3227 302 3301 Samsonis
321 3229 427 3298 fudit.
479 3225 583 3310 Quod
603 3225 664 3297 ille
683 3249 746 3319 per
763 3225 933 3319 Spiritum
951 3224 1121 3298 Sanctum
1141 3226 1270 3296 intelli-

133 3369 220 3438 gens,
244 3354 443 3440 potumque
459 3343 676 3426 benedicens,
703 3350 818 3413 totum
836 3341 936 3426 bibit,
961 3343 1048 3413 nihil
1064 3340 1148 3414 mali
1165 3365 1210 3412 ex
1227 3365 1269 3412 eo

133 3465 285 3534 sentiens.
344 3461 482 3532 Eodem
511 3460 577 3542 die,
607 3469 687 3552 post
719 3459 913 3551 prandium,
945 3457 1095 3529 Sanctus
1120 3455 1269 3528 Samson

133 3578 221 3650 cum⁶
250 3578 434 3650 Gelerario
463 3577 710 3647 amicissimum
743 3575 866 3646 habuit
898 3573 1120 3666 colloquium.
1180 3570 1269 3642 “Mi

132 3695 259 3767 “frater
286 3692 509 3766 dulcissime!
539 3701 639 3763 sanet
664 3701 702 3764 te
729 3691 827 3762 Deus
856 3692 901 3762 ab
930 3690 1025 3761 omni
1053 3688 1267 3782 egritudine,

133 3813 235 3904 “quia
252 3831 426 3905 magnam
450 3809 635 3878 sanitatem
658 3809 795 3908 corpori
818 3831 898 3878 meo
922 3804 1088 3900 poculum
1109 3804 1266 3898 praebuit,

131 3938 148 3966 “
157 3930 245 4021 quod
257 3927 350 3999 mihi
364 3925 492 3996 dedisti
505 3924 638 3995 hodie.''
678 3921 766 3994 Haec
779 3922 840 3992 illo
850 3924 1024 4005 audiente,
1038 3929 1266 4015 compunctus

132 4045 304 4140 ingemuit,
328 4036 561 4133 fiatremque⁶
577 4063 679 4112 suum
696 4039 836 4110 nefandi
853 4031 1081 4110 incentorem⁷
1096 4039 1266 4129 poenitere

132 4162 358 4244 commonuit3
378 4159 441 4230 sed
457 4156 579 4227 noluit.
631 4155 801 4248 Sequenti
818 4156 991 4227 dominica
1003 4155 1061 4224 die
1073 4176 1154 4224 cnm
1170 4153 1266 4224 idem

160 4465 219 4520 ¹Sic
231 4465 265 4520 0.
276 4464 405 4518 mutum.
419 4459 458 4515 Η.
492 4461 648 4516 'Uellart'ua
660 4459 693 4514 0.
728 4460 857 4514 'Herbaa
869 4456 902 4511 0.
937 4455 1040 4510 ⁴Pelav
1051 4455 1171 4510 idemest
1182 4458 1265 4525 atque

32 4539 33 4560 ¹
129 4552 207 4618 Pilnr,
224 4551 281 4606 ie.
293 4549 450 4617 marileffum,
468 4553 563 4616 cattus,
580 4547 725 4618 interprete
738 4545 848 4618 Cangio,
860 4543 908 4614 qui
919 4543 985 4596 citat
996 4541 1065 4597 hanc
1076 4542 1161 4614 ipsam
1172 4558 1264 4595 narra·

129 4637 221 4692 honam
237 4657 275 4693 ex
290 4637 348 4692 alia
366 4635 424 4688 vita
441 4633 470 4688 S.
488 4633 631 4702 Samsonis,
648 4635 729 4688 Piloa
746 4639 833 4688 amem
849 4637 881 4684 at
898 4630 959 4683 bibit
975 4632 1065 4683 atatim
1081 4634 1201 4683 mortum
1217 4633 1263 4682 oct.

131 4721 288 4778 Glossarium
300 4723 332 4776 in
344 4738 422 4776 voce.
440 4719 474 4774 B.
509 4723 606 4790 ⁵0am,
624 4719 706 4775 deest.
724 4718 758 4775 0.
794 4721 877 4787 leuc,
890 4715 972 4772 deest.
991 4715 1024 4770 Ο.
1058 4715 1161 4770 ⁷Forte
1173 4717 1263 4768 iocen-

131 4814 200 4866 lorem
211 4817 259 4866 ant
271 4813 445 4865 macron.
464 4806 497 4862 B.

32 4827 33 4848 r

32 4849 34 4890 l
