<?xml version="1.0" encoding="UTF-8"?>
<!DOCTYPE html PUBLIC "-//W3C//DTD XHTML 1.0 Transitional//EN"
    "http://www.w3.org/TR/xhtml1/DTD/xhtml1-transitional.dtd">
<html xmlns="http://www.w3.org/1999/xhtml" xml:lang="en" lang="en">
 <head>
  <title>
</title>
<meta http-equiv="Content-Type" content="text/html;charset=utf-8" />
  <meta name='ocr-system' content='tesseract 3.04.00' />
  <meta name='ocr-capabilities' content='ocr_page ocr_carea ocr_par ocr_line ocrx_word'/>
</head>
<body>
  <div class='ocr_page' id='page_1' title='image "./liberlandavensi00reesgoog_0309.png"; bbox 0 0 3336 5810; ppageno 0'>
   <div class='ocr_carea' id='block_1_1' title="bbox 530 783 1286 854">
    <p class='ocr_par' dir='ltr' id='par_1_1' title="bbox 530 783 1286 854">
     <span class='ocr_line' id='line_1_1' title="bbox 530 783 1286 854; baseline 0.003 -4"><span class='ocrx_word' id='word_1_1' title='bbox 530 799 638 850; x_wconf 79' lang='lat' dir='ltr'>nmnn</span> <span class='ocrx_word' id='word_1_2' title='bbox 661 799 918 852; x_wconf 69' lang='lat' dir='ltr'>muonvnuus.</span> <span class='ocrx_word' id='word_1_3' title='bbox 1217 783 1286 854; x_wconf 83' lang='lat'>251</span> 
     </span>
    </p>
   </div>
   <div class='ocr_carea' id='block_1_2' title="bbox 153 999 1288 1190">
    <p class='ocr_par' dir='ltr' id='par_1_2' title="bbox 153 999 1288 1190">
     <span class='ocr_line' id='line_1_2' title="bbox 153 999 1288 1085; baseline 0.002 -13"><span class='ocrx_word' id='word_1_4' title='bbox 153 999 279 1078; x_wconf 73' lang='lat' dir='ltr'>Vnnu</span> <span class='ocrx_word' id='word_1_5' title='bbox 305 1019 459 1084; x_wconf 72' lang='lat' dir='ltr'>crunon,</span> <span class='ocrx_word' id='word_1_6' title='bbox 485 1019 525 1070; x_wconf 80' lang='grc' dir='ltr'>Π)</span> <span class='ocrx_word' id='word_1_7' title='bbox 550 1019 622 1084; x_wconf 78' lang='lat' dir='ltr'>nso,</span> <span class='ocrx_word' id='word_1_8' title='bbox 648 1020 756 1072; x_wconf 75' lang='lat' dir='ltr'>unns</span> <span class='ocrx_word' id='word_1_9' title='bbox 778 1021 924 1074; x_wconf 87' lang='lat' dir='ltr'>onocou</span> <span class='ocrx_word' id='word_1_10' title='bbox 944 1021 1089 1085; x_wconf 71' lang='lat' dir='ltr'>suumn,</span> <span class='ocrx_word' id='word_1_11' title='bbox 1113 1021 1157 1072; x_wconf 84' lang='lat' dir='ltr'>nr</span> <span class='ocrx_word' id='word_1_12' title='bbox 1180 1022 1288 1074; x_wconf 78' lang='lat' dir='ltr'><strong>VILLA</strong></span> 
     </span>
     <span class='ocr_line' id='line_1_3' title="bbox 563 1136 884 1190; baseline 0.009 -3"><span class='ocrx_word' id='word_1_13' title='bbox 563 1136 708 1189; x_wconf 84' lang='lat' dir='ltr'>cnocoo</span> <span class='ocrx_word' id='word_1_14' title='bbox 724 1137 884 1190; x_wconf 75' lang='lat' dir='ltr'>nonosu.</span> 
     </span>
    </p>
   </div>
   <div class='ocr_carea' id='block_1_3' title="bbox 154 1316 1290 3389">
    <p class='ocr_par' dir='ltr' id='par_1_3' title="bbox 154 1316 1290 3389">
     <span class='ocr_line' id='line_1_4' title="bbox 206 1316 1288 1402; baseline 0.003 -14"><span class='ocrx_word' id='word_1_15' title='bbox 206 1316 415 1390; x_wconf 83' lang='lat' dir='ltr'>Merchioun</span> <span class='ocrx_word' id='word_1_16' title='bbox 435 1316 526 1388; x_wconf 91' lang='lat' dir='ltr'>filius</span> <span class='ocrx_word' id='word_1_17' title='bbox 543 1316 705 1401; x_wconf 75' lang='lat' dir='ltr'>niceros,</span> <span class='ocrx_word' id='word_1_18' title='bbox 723 1340 804 1388; x_wconf 92' lang='lat' dir='ltr'>oum</span> <span class='ocrx_word' id='word_1_19' title='bbox 825 1318 897 1390; x_wconf 88' lang='lat' dir='ltr'>iilic</span> <span class='ocrx_word' id='word_1_20' title='bbox 914 1340 976 1390; x_wconf 91' lang='lat' dir='ltr'>suo</span> <span class='ocrx_word' id='word_1_21' title='bbox 993 1316 1159 1402; x_wconf 84' lang='lat' dir='ltr'>Guroont,</span> <span class='ocrx_word' id='word_1_22' title='bbox 1184 1320 1288 1391; x_wconf 90' lang='lat' dir='ltr'>dede-</span> 
     </span>
     <span class='ocr_line' id='line_1_5' title="bbox 154 1433 1289 1528; baseline 0.002 -23"><span class='ocrx_word' id='word_1_23' title='bbox 154 1441 237 1506; x_wconf 85' lang='lat' dir='ltr'>runt</span> <span class='ocrx_word' id='word_1_24' title='bbox 257 1457 320 1527; x_wconf 94' lang='lat' dir='ltr'>pro</span> <span class='ocrx_word' id='word_1_25' title='bbox 342 1434 582 1528; x_wconf 81' lang='lat' dir='ltr'>redemptione</span> <span class='ocrx_word' id='word_1_26' title='bbox 606 1435 704 1528; x_wconf 86' lang='lat' dir='ltr'>regni</span> <span class='ocrx_word' id='word_1_27' title='bbox 720 1433 880 1518; x_wconf 83' lang='lat' dir='ltr'>coelestis,</span> <span class='ocrx_word' id='word_1_28' title='bbox 897 1433 987 1519; x_wconf 86' lang='lat' dir='ltr'>Deo,</span> <span class='ocrx_word' id='word_1_29' title='bbox 1004 1444 1042 1507; x_wconf 89' lang='lat' dir='ltr'>et</span> <span class='ocrx_word' id='word_1_30' title='bbox 1058 1434 1195 1507; x_wconf 82' lang='lat' dir='ltr'>Sanctis</span> <span class='ocrx_word' id='word_1_31' title='bbox 1213 1435 1289 1507; x_wconf 92' lang='lat' dir='ltr'>Du-</span> 
     </span>
     <span class='ocr_line' id='line_1_6' title="bbox 155 1547 1289 1646; baseline 0.002 -24"><span class='ocrx_word' id='word_1_32' title='bbox 155 1549 270 1634; x_wconf 89' lang='lat' dir='ltr'>brioio‚</span> <span class='ocrx_word' id='word_1_33' title='bbox 287 1549 443 1633; x_wconf 82' lang='lat' dir='ltr'>Teliouo,</span> <span class='ocrx_word' id='word_1_34' title='bbox 466 1557 504 1620; x_wconf 89' lang='lat' dir='ltr'>et</span> <span class='ocrx_word' id='word_1_35' title='bbox 520 1548 696 1634; x_wconf 88' lang='lat' dir='ltr'>Oudoceo,</span> <span class='ocrx_word' id='word_1_36' title='bbox 717 1558 755 1621; x_wconf 88' lang='lat' dir='ltr'>et</span> <span class='ocrx_word' id='word_1_37' title='bbox 769 1547 794 1620; x_wconf 88' lang='lat' dir='ltr'>J</span> <span class='ocrx_word' id='word_1_38' title='bbox 795 1551 902 1644; x_wconf 88' lang='lat' dir='ltr'>oseph</span> <span class='ocrx_word' id='word_1_39' title='bbox 919 1549 1100 1646; x_wconf 76' lang='lat' dir='ltr'>Episcopo,</span> <span class='ocrx_word' id='word_1_40' title='bbox 1124 1560 1161 1624; x_wconf 90' lang='lat' dir='ltr'>et</span> <span class='ocrx_word' id='word_1_41' title='bbox 1178 1554 1289 1624; x_wconf 88' lang='lat' dir='ltr'>omni-</span> 
     </span>
     <span class='ocr_line' id='line_1_7' title="bbox 155 1665 1289 1760; baseline 0.001 -21"><span class='ocrx_word' id='word_1_42' title='bbox 155 1670 217 1739; x_wconf 90' lang='lat' dir='ltr'>bus</span> <span class='ocrx_word' id='word_1_43' title='bbox 237 1665 442 1760; x_wconf 72' lang='lat' dir='ltr'>presulibus</span> <span class='ocrx_word' id='word_1_44' title='bbox 462 1665 657 1750; x_wconf 78' lang='lat' dir='ltr'>Laudaviae,</span> <span class='ocrx_word' id='word_1_45' title='bbox 679 1666 799 1737; x_wconf 80' lang='lat' dir='ltr'>villum</span> <span class='ocrx_word' id='word_1_46' title='bbox 815 1666 953 1738; x_wconf 82' lang='lat' dir='ltr'>Cornou</span> <span class='ocrx_word' id='word_1_47' title='bbox 969 1689 1050 1738; x_wconf 91' lang='lat' dir='ltr'>cum</span> <span class='ocrx_word' id='word_1_48' title='bbox 1066 1669 1199 1741; x_wconf 88' lang='lat' dir='ltr'>duobus</span> <span class='ocrx_word' id='word_1_49' title='bbox 1213 1692 1289 1740; x_wconf 92' lang='lat' dir='ltr'>mo-</span> 
     </span>
     <span class='ocr_line' id='line_1_8' title="bbox 155 1781 1290 1877; baseline 0.003 -23"><span class='ocrx_word' id='word_1_50' title='bbox 155 1784 219 1854; x_wconf 89' lang='lat' dir='ltr'>diis</span> <span class='ocrx_word' id='word_1_51' title='bbox 230 1791 344 1866; x_wconf 74' lang='lat' dir='ltr'>terreo,</span> <span class='ocrx_word' id='word_1_52' title='bbox 355 1790 393 1853; x_wconf 90' lang='lat' dir='ltr'>et</span> <span class='ocrx_word' id='word_1_53' title='bbox 404 1781 523 1853; x_wconf 80' lang='lat' dir='ltr'>villam</span> <span class='ocrx_word' id='word_1_54' title='bbox 537 1782 674 1854; x_wconf 83' lang='lat' dir='ltr'>Orucou</span> <span class='ocrx_word' id='word_1_55' title='bbox 694 1782 829 1877; x_wconf 83' lang='lat' dir='ltr'>leugirn</span> <span class='ocrx_word' id='word_1_56' title='bbox 849 1807 931 1854; x_wconf 90' lang='lat' dir='ltr'>cum</span> <span class='ocrx_word' id='word_1_57' title='bbox 951 1785 1062 1855; x_wconf 83' lang='lat' dir='ltr'>tribus</span> <span class='ocrx_word' id='word_1_58' title='bbox 1075 1785 1200 1857; x_wconf 88' lang='lat' dir='ltr'>modiis</span> <span class='ocrx_word' id='word_1_59' title='bbox 1219 1793 1290 1856; x_wconf 90' lang='lat' dir='ltr'>ter·</span> 
     </span>
     <span class='ocr_line' id='line_1_9' title="bbox 154 1899 1289 1985; baseline 0.003 -15"><span class='ocrx_word' id='word_1_60' title='bbox 154 1921 208 1984; x_wconf 82' lang='lat' dir='ltr'>rae,</span> <span class='ocrx_word' id='word_1_61' title='bbox 221 1907 353 1971; x_wconf 88' lang='lat' dir='ltr'>etcum</span> <span class='ocrx_word' id='word_1_62' title='bbox 364 1907 440 1970; x_wconf 84' lang='lat' dir='ltr'>tota</span> <span class='ocrx_word' id='word_1_63' title='bbox 451 1921 514 1970; x_wconf 86' lang='lat' dir='ltr'>suo</span> <span class='ocrx_word' id='word_1_64' title='bbox 526 1899 697 1983; x_wconf 83' lang='lat' dir='ltr'>libertate,</span> <span class='ocrx_word' id='word_1_65' title='bbox 712 1907 750 1970; x_wconf 87' lang='lat' dir='ltr'>et</span> <span class='ocrx_word' id='word_1_66' title='bbox 761 1901 836 1970; x_wconf 90' lang='lat' dir='ltr'>sine</span> <span class='ocrx_word' id='word_1_67' title='bbox 847 1899 920 1970; x_wconf 92' lang='lat' dir='ltr'>ullo</span> <span class='ocrx_word' id='word_1_68' title='bbox 932 1901 1080 1985; x_wconf 81' lang='lat' dir='ltr'>servitio,</span> <span class='ocrx_word' id='word_1_69' title='bbox 1098 1901 1162 1972; x_wconf 93' lang='lat' dir='ltr'>ulli</span> <span class='ocrx_word' id='word_1_70' title='bbox 1176 1901 1289 1974; x_wconf 89' lang='lat' dir='ltr'>homi-</span> 
     </span>
     <span class='ocr_line' id='line_1_10' title="bbox 154 2015 1288 2110; baseline 0.002 -22"><span class='ocrx_word' id='word_1_71' title='bbox 154 2018 191 2087; x_wconf 92' lang='lat' dir='ltr'>ni</span> <span class='ocrx_word' id='word_1_72' title='bbox 211 2025 361 2101; x_wconf 89' lang='lat' dir='ltr'>terreno,</span> <span class='ocrx_word' id='word_1_73' title='bbox 386 2017 453 2088; x_wconf 84' lang='lat' dir='ltr'>nisi</span> <span class='ocrx_word' id='word_1_74' title='bbox 473 2016 626 2087; x_wconf 83' lang='lat' dir='ltr'>ecclosiae</span> <span class='ocrx_word' id='word_1_75' title='bbox 651 2015 846 2099; x_wconf 75' lang='lat' dir='ltr'>Laudarier,</span> <span class='ocrx_word' id='word_1_76' title='bbox 873 2026 911 2087; x_wconf 88' lang='lat' dir='ltr'>et</span> <span class='ocrx_word' id='word_1_77' title='bbox 938 2018 1130 2110; x_wconf 79' lang='lat' dir='ltr'>pastoribus</span> <span class='ocrx_word' id='word_1_78' title='bbox 1150 2019 1224 2110; x_wconf 89' lang='lat' dir='ltr'>ejus</span> <span class='ocrx_word' id='word_1_79' title='bbox 1250 2021 1288 2090; x_wconf 93' lang='lat' dir='ltr'>in</span> 
     </span>
     <span class='ocr_line' id='line_1_11' title="bbox 154 2131 1287 2228; baseline 0.004 -25"><span class='ocrx_word' id='word_1_80' title='bbox 154 2139 333 2227; x_wconf 78' lang='lat' dir='ltr'>perpetrm,</span> <span class='ocrx_word' id='word_1_81' title='bbox 347 2140 384 2204; x_wconf 90' lang='lat' dir='ltr'>et</span> <span class='ocrx_word' id='word_1_82' title='bbox 394 2133 477 2204; x_wconf 81' lang='lat' dir='ltr'>doto</span> <span class='ocrx_word' id='word_1_83' title='bbox 489 2132 731 2204; x_wconf 88' lang='lat' dir='ltr'>communione</span> <span class='ocrx_word' id='word_1_84' title='bbox 743 2131 888 2216; x_wconf 88' lang='lat' dir='ltr'>incolis,1</span> <span class='ocrx_word' id='word_1_85' title='bbox 896 2135 933 2205; x_wconf 90' lang='lat' dir='ltr'>in</span> <span class='ocrx_word' id='word_1_86' title='bbox 942 2156 1065 2228; x_wconf 83' lang='lat' dir='ltr'>compo</span> <span class='ocrx_word' id='word_1_87' title='bbox 1082 2143 1119 2205; x_wconf 86' lang='lat' dir='ltr'>et</span> <span class='ocrx_word' id='word_1_88' title='bbox 1134 2137 1172 2205; x_wconf 91' lang='lat' dir='ltr'>in</span> <span class='ocrx_word' id='word_1_89' title='bbox 1184 2136 1287 2220; x_wconf 81' lang='lat' dir='ltr'>silvis,</span> 
     </span>
     <span class='ocr_line' id='line_1_12' title="bbox 154 2249 1287 2345; baseline 0.005 -27"><span class='ocrx_word' id='word_1_90' title='bbox 154 2250 191 2318; x_wconf 93' lang='lat' dir='ltr'>in</span> <span class='ocrx_word' id='word_1_91' title='bbox 204 2271 293 2342; x_wconf 81' lang='lat' dir='ltr'>oque</span> <span class='ocrx_word' id='word_1_92' title='bbox 305 2251 389 2320; x_wconf 92' lang='lat' dir='ltr'>etin</span> <span class='ocrx_word' id='word_1_93' title='bbox 399 2249 545 2344; x_wconf 80' lang='lat' dir='ltr'>pascuis,</span> <span class='ocrx_word' id='word_1_94' title='bbox 556 2249 662 2321; x_wconf 85' lang='lat' dir='ltr'>verbo</span> <span class='ocrx_word' id='word_1_95' title='bbox 674 2258 712 2321; x_wconf 91' lang='lat' dir='ltr'>et</span> <span class='ocrx_word' id='word_1_96' title='bbox 724 2272 892 2321; x_wconf 86' lang='lat' dir='ltr'>consensu</span> <span class='ocrx_word' id='word_1_97' title='bbox 905 2251 1006 2345; x_wconf 83' lang='lat' dir='ltr'>regis.</span> <span class='ocrx_word' id='word_1_98' title='bbox 1057 2250 1113 2322; x_wconf 86' lang='lat' dir='ltr'>Do</span> <span class='ocrx_word' id='word_1_99' title='bbox 1134 2250 1287 2336; x_wconf 82' lang='lat' dir='ltr'>Clericis,</span> 
     </span>
     <span class='ocr_line' id='line_1_13' title="bbox 154 2364 1289 2461; baseline 0.002 -24"><span class='ocrx_word' id='word_1_100' title='bbox 154 2373 263 2437; x_wconf 84' lang='lat' dir='ltr'>tostos</span> <span class='ocrx_word' id='word_1_101' title='bbox 277 2375 360 2437; x_wconf 83' lang='lat' dir='ltr'>sunt</span> <span class='ocrx_word' id='word_1_102' title='bbox 381 2364 514 2460; x_wconf 86' lang='lat' dir='ltr'>Joseph</span> <span class='ocrx_word' id='word_1_103' title='bbox 544 2364 744 2459; x_wconf 81' lang='lat' dir='ltr'>Episcopus,</span> <span class='ocrx_word' id='word_1_104' title='bbox 772 2364 886 2437; x_wconf 90' lang='lat' dir='ltr'>Nobis</span> <span class='ocrx_word' id='word_1_105' title='bbox 909 2367 1104 2461; x_wconf 67' lang='lat' dir='ltr'>presbyter,</span> <span class='ocrx_word' id='word_1_106' title='bbox 1130 2366 1289 2439; x_wconf 82' lang='lat' dir='ltr'>Gurcant</span> 
     </span>
     <span class='ocr_line' id='line_1_14' title="bbox 154 2479 1286 2575; baseline 0.002 -23"><span class='ocrx_word' id='word_1_107' title='bbox 154 2482 246 2553; x_wconf 84' lang='lat' dir='ltr'>filius</span> <span class='ocrx_word' id='word_1_108' title='bbox 274 2481 418 2567; x_wconf 80' lang='lat' dir='ltr'>Dunno3</span> <span class='ocrx_word' id='word_1_109' title='bbox 449 2483 493 2554; x_wconf 88' lang='lat' dir='ltr'>de</span> <span class='ocrx_word' id='word_1_110' title='bbox 502 2482 607 2566; x_wconf 83' lang='lat' dir='ltr'>laicis,</span> <span class='ocrx_word' id='word_1_111' title='bbox 622 2479 831 2554; x_wconf 81' lang='lat' dir='ltr'>Merchiaun</span> <span class='ocrx_word' id='word_1_112' title='bbox 851 2491 888 2553; x_wconf 88' lang='lat' dir='ltr'>et</span> <span class='ocrx_word' id='word_1_113' title='bbox 912 2483 1004 2554; x_wconf 85' lang='lat' dir='ltr'>filius</span> <span class='ocrx_word' id='word_1_114' title='bbox 1025 2483 1098 2575; x_wconf 88' lang='lat' dir='ltr'>ejus</span> <span class='ocrx_word' id='word_1_115' title='bbox 1120 2481 1286 2567; x_wconf 85' lang='lat' dir='ltr'>Guroent,</span> 
     </span>
     <span class='ocr_line' id='line_1_15' title="bbox 155 2597 1289 2684; baseline -0.001 -14"><span class='ocrx_word' id='word_1_116' title='bbox 155 2598 346 2671; x_wconf 86' lang='lat' dir='ltr'>Gurcinnif</span> <span class='ocrx_word' id='word_1_117' title='bbox 371 2600 464 2670; x_wconf 86' lang='lat' dir='ltr'>filius</span> <span class='ocrx_word' id='word_1_118' title='bbox 494 2597 610 2682; x_wconf 78' lang='lat' dir='ltr'>Gurci</span> <span class='ocrx_word' id='word_1_119' title='bbox 654 2598 830 2670; x_wconf 83' lang='lat' dir='ltr'>Gistrorth</span> <span class='ocrx_word' id='word_1_120' title='bbox 862 2599 954 2670; x_wconf 90' lang='lat' dir='ltr'>filius</span> <span class='ocrx_word' id='word_1_121' title='bbox 988 2597 1147 2670; x_wconf 83' lang='lat' dir='ltr'>Gollcun</span> <span class='ocrx_word' id='word_1_122' title='bbox 1202 2599 1289 2684; x_wconf 75' lang='lat' dir='ltr'>Qu-</span> 
     </span>
     <span class='ocr_line' id='line_1_16' title="bbox 154 2711 1287 2808; baseline 0 -22"><span class='ocrx_word' id='word_1_123' title='bbox 154 2737 293 2808; x_wconf 89' lang='lat' dir='ltr'>cunque</span> <span class='ocrx_word' id='word_1_124' title='bbox 313 2715 524 2799; x_wconf 87' lang='lat' dir='ltr'>custodierit,</span> <span class='ocrx_word' id='word_1_125' title='bbox 545 2715 749 2786; x_wconf 82' lang='lat' dir='ltr'>bonodictus</span> <span class='ocrx_word' id='word_1_126' title='bbox 773 2711 850 2799; x_wconf 61' lang='lat' dir='ltr'>sit?</span> <span class='ocrx_word' id='word_1_127' title='bbox 875 2717 934 2808; x_wconf 92' lang='lat' dir='ltr'>qui</span> <span class='ocrx_word' id='word_1_128' title='bbox 959 2723 1077 2788; x_wconf 83' lang='lat' dir='ltr'>nutem</span> <span class='ocrx_word' id='word_1_129' title='bbox 1097 2715 1287 2799; x_wconf 80' lang='lat' dir='ltr'>violaverit,</span> 
     </span>
     <span class='ocr_line' id='line_1_17' title="bbox 155 2830 1287 2916; baseline -0.001 -14"><span class='ocrx_word' id='word_1_130' title='bbox 155 2831 363 2904; x_wconf 85' lang='lat' dir='ltr'>maledictus</span> <span class='ocrx_word' id='word_1_131' title='bbox 379 2835 434 2904; x_wconf 85' lang='lat' dir='ltr'>sit.</span> <span class='ocrx_word' id='word_1_132' title='bbox 484 2831 612 2903; x_wconf 80' lang='lat' dir='ltr'>Arnen</span> <span class='ocrx_word' id='word_1_133' title='bbox 663 2830 760 2902; x_wconf 80' lang='lat' dir='ltr'>Finis</span> <span class='ocrx_word' id='word_1_134' title='bbox 776 2853 903 2901; x_wconf 91' lang='lat' dir='ltr'>oruoou</span> <span class='ocrx_word' id='word_1_135' title='bbox 915 2838 1081 2916; x_wconf 81' lang='lat' dir='ltr'>morcant,</span> <span class='ocrx_word' id='word_1_136' title='bbox 1094 2832 1140 2902; x_wconf 91' lang='lat' dir='ltr'>rit</span> <span class='ocrx_word' id='word_1_137' title='bbox 1152 2832 1287 2902; x_wconf 82' lang='lat' dir='ltr'>nruoith</span> 
     </span>
     <span class='ocr_line' id='line_1_18' title="bbox 156 2946 1289 3032; baseline 0.002 -13"><span class='ocrx_word' id='word_1_138' title='bbox 156 2972 196 3019; x_wconf 84' lang='lat' dir='ltr'>or</span> <span class='ocrx_word' id='word_1_139' title='bbox 212 2950 345 3021; x_wconf 89' lang='lat' dir='ltr'>mouric</span> <span class='ocrx_word' id='word_1_140' title='bbox 357 2973 395 3020; x_wconf 85' lang='lat' dir='ltr'>or</span> <span class='ocrx_word' id='word_1_141' title='bbox 406 2949 460 3019; x_wconf 94' lang='lat' dir='ltr'>hit</span> <span class='ocrx_word' id='word_1_142' title='bbox 475 2949 506 3018; x_wconf 89' lang='lat' dir='ltr'>ir</span> <span class='ocrx_word' id='word_1_143' title='bbox 522 2948 599 3018; x_wconf 91' lang='lat' dir='ltr'>ford</span> <span class='ocrx_word' id='word_1_144' title='bbox 614 2949 676 3019; x_wconf 89' lang='lat' dir='ltr'>bet</span> <span class='ocrx_word' id='word_1_145' title='bbox 688 2948 762 3018; x_wconf 81' lang='lat' dir='ltr'>dior</span> <span class='ocrx_word' id='word_1_146' title='bbox 777 2946 808 3017; x_wconf 88' lang='lat' dir='ltr'>ir</span> <span class='ocrx_word' id='word_1_147' title='bbox 823 2947 887 3018; x_wconf 85' lang='lat' dir='ltr'>cilt</span> <span class='ocrx_word' id='word_1_148' title='bbox 902 2948 947 3019; x_wconf 84' lang='lat' dir='ltr'>od</span> <span class='ocrx_word' id='word_1_149' title='bbox 964 2949 1153 3032; x_wconf 78' lang='lat' dir='ltr'>dextoram,</span> <span class='ocrx_word' id='word_1_150' title='bbox 1170 2948 1289 3021; x_wconf 81' lang='lat' dir='ltr'>inioun</span> 
     </span>
     <span class='ocr_line' id='line_1_19' title="bbox 155 3063 1289 3148; baseline 0.002 -14"><span class='ocrx_word' id='word_1_151' title='bbox 155 3063 193 3134; x_wconf 90' lang='lat' dir='ltr'>di</span> <span class='ocrx_word' id='word_1_152' title='bbox 210 3063 285 3135; x_wconf 89' lang='lat' dir='ltr'>iinn</span> <span class='ocrx_word' id='word_1_153' title='bbox 302 3065 428 3137; x_wconf 87' lang='lat' dir='ltr'>dirluin</span> <span class='ocrx_word' id='word_1_154' title='bbox 448 3087 549 3135; x_wconf 83' lang='lat' dir='ltr'>mour</span> <span class='ocrx_word' id='word_1_155' title='bbox 565 3071 638 3135; x_wconf 87' lang='lat' dir='ltr'>trus</span> <span class='ocrx_word' id='word_1_156' title='bbox 654 3063 745 3133; x_wconf 90' lang='lat' dir='ltr'>iford</span> <span class='ocrx_word' id='word_1_157' title='bbox 762 3063 797 3134; x_wconf 88' lang='lat' dir='ltr'>di</span> <span class='ocrx_word' id='word_1_158' title='bbox 813 3063 891 3148; x_wconf 89' lang='lat' dir='ltr'>foss,</span> <span class='ocrx_word' id='word_1_159' title='bbox 916 3064 1006 3135; x_wconf 85' lang='lat' dir='ltr'>orhit</span> <span class='ocrx_word' id='word_1_160' title='bbox 1027 3066 1058 3136; x_wconf 93' lang='lat' dir='ltr'>ir</span> <span class='ocrx_word' id='word_1_161' title='bbox 1073 3065 1142 3136; x_wconf 88' lang='lat' dir='ltr'>foss</span> <span class='ocrx_word' id='word_1_162' title='bbox 1156 3066 1289 3136; x_wconf 86' lang='lat' dir='ltr'>diuinid</span> 
     </span>
     <span class='ocr_line' id='line_1_20' title="bbox 154 3179 1289 3276; baseline 0.002 -26"><span class='ocrx_word' id='word_1_163' title='bbox 154 3181 192 3250; x_wconf 85' lang='lat' dir='ltr'>di</span> <span class='ocrx_word' id='word_1_164' title='bbox 204 3179 602 3274; x_wconf 77' lang='lat' dir='ltr'>garthbecetdirluhinn,</span> <span class='ocrx_word' id='word_1_165' title='bbox 616 3203 663 3252; x_wconf 87' lang='lat' dir='ltr'>ex</span> <span class='ocrx_word' id='word_1_166' title='bbox 675 3180 744 3250; x_wconf 83' lang='lat' dir='ltr'>olio</span> <span class='ocrx_word' id='word_1_167' title='bbox 755 3187 854 3272; x_wconf 82' lang='lat' dir='ltr'>parte</span> <span class='ocrx_word' id='word_1_168' title='bbox 870 3180 1074 3276; x_wconf 81' lang='lat' dir='ltr'>gorthboeot</span> <span class='ocrx_word' id='word_1_169' title='bbox 1090 3181 1126 3250; x_wconf 88' lang='lat' dir='ltr'>di</span> <span class='ocrx_word' id='word_1_170' title='bbox 1141 3183 1289 3275; x_wconf 83' lang='lat' dir='ltr'>guortho</span> 
     </span>
     <span class='ocr_line' id='line_1_21' title="bbox 155 3296 1289 3389; baseline -0.001 -22"><span class='ocrx_word' id='word_1_171' title='bbox 155 3305 243 3368; x_wconf 79' lang='lat' dir='ltr'>nunt</span> <span class='ocrx_word' id='word_1_172' title='bbox 257 3297 347 3381; x_wconf 82' lang='lat' dir='ltr'>hela,</span> <span class='ocrx_word' id='word_1_173' title='bbox 364 3322 403 3370; x_wconf 88' lang='lat' dir='ltr'>or</span> <span class='ocrx_word' id='word_1_174' title='bbox 416 3297 495 3368; x_wconf 90' lang='lat' dir='ltr'>hint</span> <span class='ocrx_word' id='word_1_175' title='bbox 515 3297 529 3366; x_wconf 93' lang='lat' dir='ltr'>i</span> <span class='ocrx_word' id='word_1_176' title='bbox 551 3303 638 3389; x_wconf 82' lang='lat' dir='ltr'>pont</span> <span class='ocrx_word' id='word_1_177' title='bbox 658 3303 744 3367; x_wconf 85' lang='lat' dir='ltr'>nent</span> <span class='ocrx_word' id='word_1_178' title='bbox 769 3296 825 3367; x_wconf 85' lang='lat' dir='ltr'>elo</span> <span class='ocrx_word' id='word_1_179' title='bbox 853 3296 906 3367; x_wconf 88' lang='lat' dir='ltr'>dir</span> <span class='ocrx_word' id='word_1_180' title='bbox 931 3297 1035 3381; x_wconf 79' lang='lat' dir='ltr'>main,</span> <span class='ocrx_word' id='word_1_181' title='bbox 1064 3297 1117 3368; x_wconf 88' lang='lat' dir='ltr'>dir</span> <span class='ocrx_word' id='word_1_182' title='bbox 1137 3297 1214 3367; x_wconf 86' lang='lat' dir='ltr'>ford</span> <span class='ocrx_word' id='word_1_183' title='bbox 1236 3297 1289 3367; x_wconf 83' lang='lat' dir='ltr'>dir</span> 
     </span>
    </p>
   </div>
   <div class='ocr_carea' id='block_1_4' title="bbox 3 3393 1288 3622">
    <p class='ocr_par' dir='ltr' id='par_1_4' title="bbox 3 3393 1288 3622">
     <span class='ocr_line' id='line_1_22' title="bbox 3 3393 1288 3508; baseline 0 -26"><span class='ocrx_word' id='word_1_184' title='bbox 3 3393 4 3464; x_wconf 86' lang='lat'><em>]</em></span> <span class='ocrx_word' id='word_1_185' title='bbox 155 3413 236 3496; x_wconf 85' lang='lat' dir='ltr'>foss,</span> <span class='ocrx_word' id='word_1_186' title='bbox 249 3437 288 3484; x_wconf 84' lang='lat' dir='ltr'>er</span> <span class='ocrx_word' id='word_1_187' title='bbox 299 3411 395 3485; x_wconf 78' lang='lat' dir='ltr'>hitir</span> <span class='ocrx_word' id='word_1_188' title='bbox 406 3413 475 3485; x_wconf 88' lang='lat' dir='ltr'>foss</span> <span class='ocrx_word' id='word_1_189' title='bbox 485 3413 546 3484; x_wconf 91' lang='lat' dir='ltr'>bet</span> <span class='ocrx_word' id='word_1_190' title='bbox 561 3412 635 3506; x_wconf 88' lang='lat' dir='ltr'>pull</span> <span class='ocrx_word' id='word_1_191' title='bbox 651 3412 792 3496; x_wconf 89' lang='lat' dir='ltr'>mourie,</span> <span class='ocrx_word' id='word_1_192' title='bbox 807 3412 978 3508; x_wconf 73' lang='lat' dir='ltr'>digruiret</span> <span class='ocrx_word' id='word_1_193' title='bbox 988 3435 1091 3508; x_wconf 80' lang='lat' dir='ltr'>guero</span> <span class='ocrx_word' id='word_1_194' title='bbox 1106 3412 1197 3482; x_wconf 88' lang='lat' dir='ltr'>truii</span> <span class='ocrx_word' id='word_1_195' title='bbox 1214 3411 1288 3504; x_wconf 92' lang='lat' dir='ltr'>pull</span> 
     </span>
     <span class='ocr_line' id='line_1_23' title="bbox 3 3528 1288 3622; baseline -0.002 -22"><span class='ocrx_word' id='word_1_196' title='bbox 3 3585 4 3600; x_wconf 67' lang='grc'>,</span> <span class='ocrx_word' id='word_1_197' title='bbox 155 3529 193 3598; x_wconf 86' lang='lat' dir='ltr'>di</span> <span class='ocrx_word' id='word_1_198' title='bbox 212 3529 315 3602; x_wconf 91' lang='lat' dir='ltr'>brinn</span> <span class='ocrx_word' id='word_1_199' title='bbox 338 3532 352 3602; x_wconf 96' lang='lat' dir='ltr'>i</span> <span class='ocrx_word' id='word_1_200' title='bbox 372 3552 495 3613; x_wconf 83' lang='lat' dir='ltr'>oaoseo,</span> <span class='ocrx_word' id='word_1_201' title='bbox 523 3529 558 3598; x_wconf 91' lang='lat' dir='ltr'>di</span> <span class='ocrx_word' id='word_1_202' title='bbox 577 3529 683 3622; x_wconf 84' lang='lat' dir='ltr'>penui</span> <span class='ocrx_word' id='word_1_203' title='bbox 708 3551 818 3622; x_wconf 86' lang='lat' dir='ltr'>guero</span> <span class='ocrx_word' id='word_1_204' title='bbox 842 3529 999 3600; x_wconf 85' lang='lat' dir='ltr'>iuoinaur</span> <span class='ocrx_word' id='word_1_205' title='bbox 1028 3529 1081 3599; x_wconf 85' lang='lat' dir='ltr'>dir</span> <span class='ocrx_word' id='word_1_206' title='bbox 1104 3528 1183 3612; x_wconf 87' lang='lat' dir='ltr'>foss,</span> <span class='ocrx_word' id='word_1_207' title='bbox 1213 3551 1252 3598; x_wconf 81' lang='lat' dir='ltr'>or</span> <span class='ocrx_word' id='word_1_208' title='bbox 1275 3528 1288 3597; x_wconf 92' lang='lat' dir='ltr'>i</span> 
     </span>
    </p>
   </div>
   <div class='ocr_carea' id='block_1_5' title="bbox 154 3635 1220 3744">
    <p class='ocr_par' dir='ltr' id='par_1_5' title="bbox 154 3635 1220 3744">
     <span class='ocr_line' id='line_1_24' title="bbox 154 3635 1220 3744; baseline -0.008 -22"><span class='ocrx_word' id='word_1_209' title='bbox 154 3651 212 3722; x_wconf 82' lang='lat' dir='ltr'>hit</span> <span class='ocrx_word' id='word_1_210' title='bbox 228 3647 398 3744; x_wconf 78' lang='lat' dir='ltr'>diguoiret</span> <span class='ocrx_word' id='word_1_211' title='bbox 413 3635 475 3718; x_wconf 88' lang='lat' dir='ltr'>bet</span> <span class='ocrx_word' id='word_1_212' title='bbox 490 3643 565 3739; x_wconf 93' lang='lat' dir='ltr'>pull</span> <span class='ocrx_word' id='word_1_213' title='bbox 580 3643 722 3728; x_wconf 89' lang='lat' dir='ltr'>mourio,</span> <span class='ocrx_word' id='word_1_214' title='bbox 740 3668 779 3715; x_wconf 83' lang='lat' dir='ltr'>or</span> <span class='ocrx_word' id='word_1_215' title='bbox 790 3645 843 3718; x_wconf 85' lang='lat' dir='ltr'>hit</span> <span class='ocrx_word' id='word_1_216' title='bbox 855 3645 992 3718; x_wconf 71' lang='lat' dir='ltr'>annito</span> <span class='ocrx_word' id='word_1_217' title='bbox 1003 3645 1064 3715; x_wconf 92' lang='lat' dir='ltr'>ubi</span> <span class='ocrx_word' id='word_1_218' title='bbox 1081 3645 1220 3737; x_wconf 78' lang='lat' dir='ltr'>incepit.</span> 
     </span>
    </p>
   </div>
   <div class='ocr_carea' id='block_1_6' title="bbox 314 3876 1130 3962">
    <p class='ocr_par' dir='ltr' id='par_1_6' title="bbox 314 3876 1130 3962">
     <span class='ocr_line' id='line_1_25' title="bbox 314 3876 1130 3962; baseline -0.002 -12"><span class='ocrx_word' id='word_1_219' title='bbox 314 3877 398 3950; x_wconf 76' lang='lat' dir='ltr'>Lru</span> <span class='ocrx_word' id='word_1_220' title='bbox 414 3897 505 3950; x_wconf 74' lang='lat' dir='ltr'>suun</span> <span class='ocrx_word' id='word_1_221' title='bbox 522 3877 647 3962; x_wconf 82' lang='lat' dir='ltr'>Bnnrr,</span> <span class='ocrx_word' id='word_1_222' title='bbox 664 3897 705 3949; x_wconf 73' lang='lat' dir='ltr'>nr</span> <span class='ocrx_word' id='word_1_223' title='bbox 722 3876 908 3949; x_wconf 76' lang='lat' dir='ltr'>Murunuo</span> <span class='ocrx_word' id='word_1_224' title='bbox 923 3876 1130 3950; x_wconf 76' lang='lat' dir='ltr'>Onucunsn.</span> 
     </span>
    </p>
   </div>
   <div class='ocr_carea' id='block_1_7' title="bbox 157 4075 1288 4524">
    <p class='ocr_par' dir='ltr' id='par_1_7' title="bbox 157 4075 1288 4524">
     <span class='ocr_line' id='line_1_26' title="bbox 207 4075 1287 4175; baseline 0 -22"><span class='ocrx_word' id='word_1_225' title='bbox 207 4077 440 4175; x_wconf 80' lang='lat' dir='ltr'>Gotguolloun</span> <span class='ocrx_word' id='word_1_226' title='bbox 462 4075 552 4150; x_wconf 89' lang='lat' dir='ltr'>filius</span> <span class='ocrx_word' id='word_1_227' title='bbox 569 4077 704 4162; x_wconf 68' lang='lat' dir='ltr'>Guriot,</span> <span class='ocrx_word' id='word_1_228' title='bbox 725 4077 934 4149; x_wconf 85' lang='lat' dir='ltr'>intermixtis</span> <span class='ocrx_word' id='word_1_229' title='bbox 954 4077 1159 4172; x_wconf 82' lang='lat' dir='ltr'>quibusdam</span> <span class='ocrx_word' id='word_1_230' title='bbox 1175 4082 1287 4153; x_wconf 88' lang='lat' dir='ltr'>verbis</span> 
     </span>
     <span class='ocr_line' id='line_1_27' title="bbox 157 4192 1288 4290; baseline -0.002 -20"><span class='ocrx_word' id='word_1_231' title='bbox 157 4220 238 4270; x_wconf 89' lang='lat' dir='ltr'>cum</span> <span class='ocrx_word' id='word_1_232' title='bbox 255 4195 407 4290; x_wconf 81' lang='lat' dir='ltr'>quodam</span> <span class='ocrx_word' id='word_1_233' title='bbox 421 4195 572 4278; x_wconf 82' lang='lat' dir='ltr'>homine,</span> <span class='ocrx_word' id='word_1_234' title='bbox 585 4193 738 4266; x_wconf 87' lang='lat' dir='ltr'>Rideroh</span> <span class='ocrx_word' id='word_1_235' title='bbox 754 4196 903 4279; x_wconf 89' lang='lat' dir='ltr'>nomine,</span> <span class='ocrx_word' id='word_1_236' title='bbox 919 4192 1009 4266; x_wconf 80' lang='lat' dir='ltr'>filio³</span> <span class='ocrx_word' id='word_1_237' title='bbox 1020 4194 1109 4279; x_wconf 82' lang='lat' dir='ltr'>Beli,</span> <span class='ocrx_word' id='word_1_238' title='bbox 1122 4205 1159 4268; x_wconf 87' lang='lat' dir='ltr'>et</span> <span class='ocrx_word' id='word_1_239' title='bbox 1175 4197 1213 4267; x_wconf 93' lang='lat' dir='ltr'>in</span> <span class='ocrx_word' id='word_1_240' title='bbox 1229 4221 1288 4268; x_wconf 86' lang='lat' dir='ltr'>ou-</span> 
     </span>
     <span class='ocr_line' id='line_1_28' title="bbox 158 4309 1288 4408; baseline -0.002 -22"><span class='ocrx_word' id='word_1_241' title='bbox 158 4316 211 4386; x_wconf 82' lang='lat' dir='ltr'>ria</span> <span class='ocrx_word' id='word_1_242' title='bbox 225 4313 386 4408; x_wconf 87' lang='lat' dir='ltr'>Episcopi</span> <span class='ocrx_word' id='word_1_243' title='bbox 400 4309 425 4380; x_wconf 88' lang='lat' dir='ltr'>J</span> <span class='ocrx_word' id='word_1_244' title='bbox 425 4312 531 4405; x_wconf 86' lang='lat' dir='ltr'>oseph</span> <span class='ocrx_word' id='word_1_245' title='bbox 544 4312 637 4405; x_wconf 80' lang='lat' dir='ltr'>apud</span> <span class='ocrx_word' id='word_1_246' title='bbox 650 4309 871 4396; x_wconf 78' lang='lat' dir='ltr'>Laudaviem,</span> <span class='ocrx_word' id='word_1_247' title='bbox 885 4319 923 4383; x_wconf 92' lang='lat' dir='ltr'>et</span> <span class='ocrx_word' id='word_1_248' title='bbox 937 4313 974 4382; x_wconf 92' lang='lat' dir='ltr'>in</span> <span class='ocrx_word' id='word_1_249' title='bbox 990 4314 1171 4405; x_wconf 71' lang='lat' dir='ltr'>praesentio</span> <span class='ocrx_word' id='word_1_250' title='bbox 1185 4313 1288 4399; x_wconf 92' lang='lat' dir='ltr'>illius,</span> 
     </span>
     <span class='ocr_line' id='line_1_29' title="bbox 159 4427 1288 4524; baseline 0.001 -22"><span class='ocrx_word' id='word_1_251' title='bbox 159 4431 325 4523; x_wconf 82' lang='lat' dir='ltr'>percussit</span> <span class='ocrx_word' id='word_1_252' title='bbox 340 4451 422 4502; x_wconf 89' lang='lat' dir='ltr'>eum</span> <span class='ocrx_word' id='word_1_253' title='bbox 438 4451 555 4522; x_wconf 83' lang='lat' dir='ltr'>pugno</span> <span class='ocrx_word' id='word_1_254' title='bbox 572 4429 681 4501; x_wconf 89' lang='lat' dir='ltr'>donec</span> <span class='ocrx_word' id='word_1_255' title='bbox 698 4427 800 4499; x_wconf 81' lang='lat' dir='ltr'>fluxit</span> <span class='ocrx_word' id='word_1_256' title='bbox 815 4430 952 4524; x_wconf 83' lang='lat' dir='ltr'>sanguis</span> <span class='ocrx_word' id='word_1_257' title='bbox 965 4430 1009 4501; x_wconf 90' lang='lat' dir='ltr'>de</span> <span class='ocrx_word' id='word_1_258' title='bbox 1021 4431 1168 4514; x_wconf 77' lang='lat' dir='ltr'>neribus</span> <span class='ocrx_word' id='word_1_259' title='bbox 1182 4439 1219 4503; x_wconf 90' lang='lat' dir='ltr'>et</span> <span class='ocrx_word' id='word_1_260' title='bbox 1234 4455 1288 4503; x_wconf 93' lang='lat' dir='ltr'>re-</span> 
     </span>
    </p>
   </div>
   <div class='ocr_carea' id='block_1_8' title="bbox 162 4665 1285 4916">
    <p class='ocr_par' dir='ltr' id='par_1_8' title="bbox 162 4665 1285 4916">
     <span class='ocr_line' id='line_1_30' title="bbox 197 4665 1285 4726; baseline 0.003 -5"><span class='ocrx_word' id='word_1_261' title='bbox 197 4667 400 4726; x_wconf 68' lang='lat' dir='ltr'>uncoudeest,</span> <span class='ocrx_word' id='word_1_262' title='bbox 417 4667 452 4725; x_wconf 93' lang='lat'>0.</span> <span class='ocrx_word' id='word_1_263' title='bbox 486 4667 540 4724; x_wconf 75' lang='grc' dir='ltr'>2Ο.</span> <span class='ocrx_word' id='word_1_264' title='bbox 554 4665 635 4723; x_wconf 76' lang='lat' dir='ltr'>hebet</span> <span class='ocrx_word' id='word_1_265' title='bbox 647 4669 773 4723; x_wconf 65' lang='lat' dir='ltr'>coccias</span> <span class='ocrx_word' id='word_1_266' title='bbox 790 4667 863 4722; x_wconf 64' lang='lat' dir='ltr'>taum</span> <span class='ocrx_word' id='word_1_267' title='bbox 875 4669 944 4724; x_wconf 75' lang='lat' dir='ltr'>Dece</span> <span class='ocrx_word' id='word_1_268' title='bbox 955 4667 1012 4723; x_wconf 86' lang='lat' dir='ltr'>vice</span> <span class='ocrx_word' id='word_1_269' title='bbox 1030 4671 1173 4726; x_wconf 64' lang='lat' dir='ltr'>mutuo</span> <span class='ocrx_word' id='word_1_270' title='bbox 1189 4673 1232 4726; x_wconf 71' lang='lat' dir='ltr'>eu.</span> <span class='ocrx_word' id='word_1_271' title='bbox 1251 4669 1285 4724; x_wconf 88' lang='lat' dir='ltr'>E.</span> 
     </span>
     <span class='ocr_line' id='line_1_31' title="bbox 162 4751 345 4812; baseline 0.016 -4"><span class='ocrx_word' id='word_1_272' title='bbox 162 4751 249 4810; x_wconf 58' lang='lat' dir='ltr'>mu.</span> <span class='ocrx_word' id='word_1_273' title='bbox 266 4755 345 4812; x_wconf 84' lang='lat' dir='ltr'>MSS.</span> 
     </span>
     <span class='ocr_line' id='line_1_32' title="bbox 687 4841 762 4916; baseline 0.027 -2"><span class='ocrx_word' id='word_1_274' title='bbox 687 4841 711 4914; x_wconf 80' lang='lat'><strong>2</strong></span> <span class='ocrx_word' id='word_1_275' title='bbox 735 4861 762 4916; x_wconf 79' lang='lat' dir='ltr'>r</span> 
     </span>
    </p>
   </div>
   <div class='ocr_carea' id='block_1_9' title="bbox 0 0 1676 5810">
    <p class='ocr_par' dir='ltr' id='par_1_9' title="bbox 0 0 1676 5810">
     <span class='ocr_line' id='line_1_33' title="bbox 0 0 1676 5810; baseline 0 0"><span class='ocrx_word' id='word_1_276' title='bbox 0 0 1676 5810; x_wconf 95' lang='lat' dir='ltr'> </span> 
     </span>
    </p>
   </div>
  </div>
 </body>
</html>
