3318 5804
580 792 688 845 LIBER
711 792 969 844 LANDAVENSIS.
1266 781 1338 854 243

197 965 351 1039 subdola
364 963 408 1037 de
420 961 601 1034 territoriis
618 959 863 1044 [laudavisset
880 983 960 1032 cum
977 969 1053 1032 toto
1065 962 1243 1060 privilegio
1257 967 1338 1038 dato

200 1084 271 1156 sibi
289 1081 328 1154 a¹
346 1091 503 1174 tempore
520 1079 728 1152 Sanctorum
746 1077 914 1160 Dubricii,
927 1077 1070 1162 Teliaui,
1084 1078 1256 1166 Oudocei;
1273 1083 1340 1156 hoc

204 1207 272 1282 est,
291 1201 365 1270 sine
377 1197 448 1268 ullo
461 1219 576 1280 censu,
593 1194 788 1289 magnevol
804 1195 950 1278 modico,
964 1194 1027 1264 ulli
1043 1195 1175 1267 homini
1191 1206 1338 1284 terreno,

205 1315 274 1385 nisi
299 1322 438 1384 tanturn
462 1313 618 1384 oratione
643 1311 851 1404 quotidiana,
881 1319 919 1382 et
943 1310 1175 1382 ecclesiastico
1200 1315 1339 1386 servitio

207 1431 339 1514 diurno,
357 1431 433 1500 sine
449 1427 599 1512 consule,
622 1428 696 1499 sine
712 1427 924 1520 proconsule,
945 1427 1019 1498 sine
1039 1437 1213 1500 conventu
1233 1427 1341 1501 intra²

207 1547 355 1639 patriam
377 1569 445 1617 nec
467 1553 576 1628 extra,
594 1545 668 1615 sine
684 1541 804 1637 vigiliis
825 1544 918 1614 intus
938 1565 1003 1614 nec
1020 1552 1128 1627 extra,
1145 1545 1220 1616 sine
1236 1569 1341 1639 expe-

208 1662 349 1744 ditione,
367 1671 406 1733 et
427 1660 619 1732 cumomni
636 1659 807 1754 dignitate
829 1659 931 1730 curiae
953 1683 1023 1730 suae
1045 1660 1199 1753 plenaria
1214 1669 1251 1732 et
1269 1661 1341 1758 (ut8

209 1780 256 1848 sic
273 1777 404 1869 dicam)
421 1779 458 1847 in
475 1778 634 1848 omnibus
650 1784 692 1847 ut
707 1777 816 1871 regia3
842 1785 880 1847 et
896 1799 1023 1848 vovens
1041 1775 1128 1861 Deo,
1150 1785 1187 1847 et
1203 1776 1341 1849 Sanctis

203 1893 389 1977 Dubricio,
407 1893 559 1978 Teliauo,
585 1902 622 1965 et
643 1891 818 1976 Oudoceo,
842 1901 880 1962 et
902 1893 938 1962 in
960 1915 1065 1964 manu
1087 1891 1219 1986 loseph
1240 1892 1341 1987 Epis-

209 2012 295 2104 copi,
314 2011 531 2081 consolidans
543 2017 580 2080 et
595 2011 802 2103 promittens
822 2009 981 2080 omnibus
1002 2011 1251 2081 successoribus
1271 2011 1341 2081 suis

210 2127 245 2196 in
266 2135 446 2220 perpetuo,
469 2135 511 2196 ut
533 2149 710 2220 nunquam
733 2125 968 2197 dominaretur
989 2127 1027 2196 in
1047 2125 1163 2219 aliqud
1178 2151 1216 2199 re
1233 2127 1342 2199 eccle-

211 2241 357 2326 siastici,
375 2241 455 2314 aut⁴
467 2242 541 2335 ejus
557 2242 835 2336 possessionibus,
852 2265 917 2313 nec
930 2243 1036 2312 etiam
1052 2243 1225 2337 refugium
1238 2244 1344 2315 uiola·

211 2366 317 2442 tums,
343 2360 415 2430 imo
437 2367 700 2430 conservaturus
720 2360 757 2428 in
778 2360 951 2442 omnibus;
977 2367 1014 2429 et
1037 2381 1197 2430 concesso
1220 2361 1344 2431 eodem

211 2475 343 2569 refugio
368 2475 550 2547 territoriis
575 2476 734 2547 omnibus
758 2475 922 2567 ejusdem,
948 2483 986 2545 et
1010 2476 1211 2546 confirmato
1234 2477 1278 2547 ab
1301 2500 1343 2546 eo

211 2590 282 2674 tali,
301 2591 404 2683 quale
420 2592 488 2662 fuit
505 2590 625 2663 Sancti
643 2590 800 2662 Dubricii
821 2591 857 2660 in
878 2591 982 2684 priori
998 2598 1164 2684 tempore,
1182 2591 1345 2662 videlicet

212 2708 379 2799 quamdiu
403 2707 552 2780 voluerit
576 2708 742 2802 profugus
767 2706 961 2791 Laudare,
987 2715 1024 2777 et
1048 2730 1168 2778 eorum
1186 2709 1347 2778 'omnium

212 2822 358 2918 ubique⁵
381 2824 605 2896 ecclesiarum
630 2825 695 2896 sibi
724 2824 939 2896 subditarum
968 2832 1107 2894 maneat
1134 2832 1241 2908 tutus,
1271 2826 1345 2896 sine

211 2949 418 3035 protegente
434 2940 555 3036 clypeo
571 2941 636 3012 nisi
658 2941 784 3024 divino,
802 2948 840 3010 et
861 2948 1057 3011 sanctorum
1077 2940 1292 3033 protectione
1308 2941 1346 3010 in

213 3059 287 3150 ejus
303 3056 407 3151 asylo,
425 3066 463 3128 et
482 3059 557 3130 sine
572 3059 731 3140 termino,
753 3080 823 3128 non
843 3065 981 3127 tantum
1001 3080 1063 3150 per
1080 3057 1231 3128 diocesin
1247 3079 1346 3128 suam

213 3174 392 3246 dividente
411 3173 562 3270 Tyugrri⁶
584 3172 790 3246 occidentali
806 3173 917 3268 plage,
936 3172 1018 3267 Guy
1030 3197 1110 3245 vero
1127 3175 1164 3244 in
1176 3175 1264 3244 ostio
1281 3173 1346 3244 Ta

212 3297 308 3384 ratyr
323 3291 360 3360 in
375 3299 474 3383 parte
490 3290 648 3362 orientali
665 3297 901 3382 sequestrante
913 3287 1089 3383 Angliam‚
1103 3313 1223 3360 verum
1239 3289 1348 3360 etiem

213 3407 306 3477 intra
318 3405 567 3500 Episcopatum
581 3407 702 3478 Sancti
715 3406 839 3489 Dauid,
856 3430 919 3499 per
934 3413 1046 3476 totam
1059 3404 1279 3476 Demeticam
1294 3428 1348 3474 re-

213 3522 364 3617 gionem,
386 3531 423 3594 et
445 3523 592 3595 Cantref
610 3522 726 3607 Maur,
751 3531 788 3594 et
804 3521 1050 3604 Brecheniauo‚
1069 3529 1105 3591 et
1123 3520 1248 3591 Eluail.
1299 3519 1348 3589 Et

214 3639 260 3710 de
273 3639 432 3710 omnibus
444 3641 644 3734 subscriptis
656 3641 783 3710 vestita
799 3639 867 3709 fuit
880 3637 1026 3710 ecclesia
1037 3635 1231 3719 bandarius,
1245 3635 1349 3706 simul

214 3763 253 3824 et
275 3753 469 3849 Episcopus
490 3755 631 3850 loseph,
656 3779 741 3850 pace
765 3754 891 3850 quieti,
915 3763 952 3826 et
974 3751 1168 3846 tranquilli,
1182 3761 1348 3844 ¹tempore

214 3874 392 3964 regnantis
419 3871 573 3945 Riderch
599 3897 662 3967 per
688 3881 800 3944 totam
825 3871 1011 3953 Gualliam,
1037 3878 1075 3941 ct
1099 3865 1350 3941 admonitione⁷

215 3985 361 4058 AElnod⁸
372 3987 636 4083 Arcbiepiscopi
650 3989 914 4072 cantuariensis,
928 3987 1032 4059 simul
1045 4010 1125 4058 cum
1137 3985 1246 4057 literis
1255 4009 1349 4057 com-

215 4102 406 4175 mendatis⁹
431 4103 526 4176 Cnut
555 4107 731 4200 regnantis
756 4105 933 4200 Angliam.
985 4104 1030 4175 In
1055 4103 1203 4174 Contref
1231 4101 1347 4173 Maur.

217 4216 246 4287 Ι.
264 4217 451 4291 Iantcliau
465 4245 574 4306 maur,
593 4245 673 4292 cum
690 4223 759 4294 suis
773 4223 906 4292 duobus
922 4221 1112 4293 territoriis.
1164 4213 1213 4290 II.
1232 4217 1348 4290 Lann-

217 4335 334 4408 teiliau
347 4345 435 4408 nant
447 4361 535 4409 seru.
574 4338 644 4409 III.
659 4337 868 4410 Lanntelian
880 4337 1090 4432 garthtevir.
1128 4334 1219 4406 IIII.
1234 4333 1350 4406 Lenn-

246 4653 432 4714 Mimo.
463 4653 526 4711 ²Sio
535 4655 569 4711 0.
579 4655 662 4723 infra.
675 4655 713 4710 H.
743 4655 800 4709 ³171
812 4654 894 4710 deest.
904 4655 937 4710 Ο.
967 4655 1034 4708 ⁴Ut.
1045 4651 1125 4707 MSS.
1154 4648 1350 4721 5Quesupple·

213 4747 263 4802 tur.
275 4746 308 4804 B.
345 4745 448 4813 ‘Tyub
467 4742 500 4797 Ο.
536 4743 758 4800 ⁷Ammooitione.
777 4742 810 4797 Ο.
845 4743 961 4800 ⁸Alnod.
978 4741 1012 4796 Ο.
1047 4739 1300 4794 ⁹Commendotr'tr'r'a
1314 4735 1350 4792 0.

759 4833 822 4904 21
