3336 5810
521 856 628 908 orans
652 855 910 909 omnivmsrs.
1209 841 1281 917 255

148 1033 248 1098 mata
259 1022 507 1097 honorabiliter
518 1022 611 1095 illius
623 1025 835 1095 consecratio
847 1048 870 1096 a
881 1045 1017 1097 summo
1028 1025 1283 1122 archiepiscopo

151 1143 283 1238 Cynisi,
301 1150 338 1213 et
352 1143 398 1214 ab
414 1141 490 1213 aliis
506 1137 646 1234 Angliae
663 1139 821 1232 plurimis
837 1142 1005 1235 episcopis
1021 1142 1184 1216 canonice
1204 1169 1285 1217 con-

151 1267 326 1332 summata
346 1267 415 1342 est;
440 1257 505 1329 sub
521 1257 620 1350 cujus
640 1278 748 1327 manu
769 1265 876 1350 atque
897 1281 1027 1343 norma,
1049 1259 1124 1354 ipse
1146 1283 1286 1333 suorum

151 1399 250 1448 more
264 1376 555 1470 praedecessorum
571 1372 764 1467 Episcopus
781 1374 926 1458 exstitit,
949 1385 1117 1468 praesente
1134 1377 1288 1452 Domino

150 1493 301 1589 glorioso
330 1490 647 1587 Anglo-Saxouum
677 1488 817 1562 Basileo
841 1489 1059 1576 Eaduunrdo‚
1085 1497 1287 1590 armatisque

150 1609 376 1705 pontificibus
405 1615 442 1680 at
470 1604 663 1688 abbatibus,
681 1627 747 1676 uec
771 1628 841 1676 non
865 1607 1184 1695 archidiaconibus¹
1207 1635 1289 1684 cum

151 1725 316 1798 omnibus
337 1722 491 1796 ecclesiae
513 1721 700 1806 ordinibus,
722 1730 829 1815 atque
851 1723 1071 1817 sapientibus,
1091 1725 1158 1798 hoc
1173 1735 1289 1799 ratum

153 1865 230 1914 asse
246 1841 402 1924 firmiter,
419 1863 460 1912 aa
477 1838 649 1911 stabiliter
664 1838 951 1930 adjudicantibus,
973 1843 1169 1936 pariterque
1184 1843 1290 1916 bene-

154 1957 352 2030 dicentibus
373 1957 410 2027 in
431 1955 493 2027 illa
514 1955 646 2027 famosa
663 1957 793 2050 syuodo
810 1979 887 2049 quoe
908 1955 1100 2031 Lundoniae
1117 1960 1211 2033 factu
1225 1970 1289 2045 ost,

154 2075 192 2147 in
207 2069 445 2145 hebdomndn⁸
459 2077 688 2166 pentecostes,
705 2095 797 2144 auno
810 2080 876 2144 nm
888 2081 966 2145 Ψ.
977 2081 1059 2146 1x²⁰.
1076 2076 1121 2149 ab
1137 2076 1292 2150 inoarrra·

157 2191 253 2263 tione
266 2188 412 2260 Domini
425 2189 533 2260 nostri
545 2186 570 2259 J
571 2209 633 2260 esu
645 2187 774 2260 Christi
780 2186 803 2274 ;³
818 2190 855 2260 in
872 2213 941 2283 quo
958 2192 1120 2286 deinceps
1135 2193 1291 2265 omnium

156 2307 368 2402 sapientium
392 2305 536 2377 consilio
559 2305 799 2398 hujuscemodi
825 2307 1014 2392 decretum,
1039 2306 1214 2402 prolatum
1239 2317 1291 2382 at-

155 2448 226 2518 que
244 2421 499 2495 consolidatum
520 2429 584 2506 est,
607 2430 649 2493 ut
671 2421 777 2516 siquis
798 2445 862 2495 rex
878 2424 935 2496 vel
957 2424 1039 2509 dux,
1062 2432 1124 2496 aut
1145 2433 1290 2520 satrapa,

156 2541 231 2613 sive
246 2542 418 2634 princeps,
434 2536 492 2610 vel
511 2539 709 2632 quicrmque
729 2548 923 2633 praepotens
944 2540 1027 2612 huic
1047 2542 1213 2634 pontifici,
1235 2544 1292 2616 vel

157 2658 233 2750 ejus
249 2655 512 2738 successoribus,
529 2663 591 2726 aut
607 2654 684 2726 loeo
701 2655 758 2726 cui
779 2679 924 2749 praeesse
940 2665 978 2728 et
993 2657 1155 2750 prodesse
1170 2659 1294 2730 misam

156 2781 224 2858 est,
237 2771 468 2844 succurrendo
478 2771 1003 2867 aobenefaoiendohoopaotum
1012 2773 1294 2848 benedictionum

12 2933 13 2936 =
157 2890 397 2962 observaverit
412 2886 467 2959 et⁴
479 2887 729 2982 adimpleverit,
746 2911 888 2983 corpore
905 2890 1009 2961 simul
1025 2898 1062 2963 et
1078 2891 1201 2985 spiritu
1216 2914 1296 2962 cou-

12 3049 13 3120 3
158 3013 321 3078 servetur
340 3005 379 3075 in
399 3027 496 3099 pace,
519 3012 557 3076 et
579 3005 696 3098 quiete
718 3013 916 3077 sauctorum
939 3009 1095 3080 omnium
1113 3007 1151 3079 in
1173 3007 1298 3080 saecula

12 3123 13 3180 ἶ
156 3121 373 3196 saecrrlomm.
424 3119 552 3194 Amen.

554 3383 709 3459 Hermu
732 3385 908 3459 Gonnus.

214 3585 365 3658 Familia
383 3583 588 3680 Oatguaaun
611 3586 718 3682 Regis
742 3584 1240 3674 Moroaunuc,filiiMou1ici,
1263 3591 1299 3662 in

164 3705 224 3778 die
245 3702 439 3775 nativitatis
461 3702 614 3786 Domini,
637 3703 791 3775 visitavit
813 3702 1026 3775 Laudaviam
1048 3704 1140 3775 bono
1161 3703 1297 3791 affectu

162 3831 204 3894 et
227 3824 283 3917 (ut
305 3821 433 3891 dicitur
455 3820 499 3891 de
520 3817 619 3914 virgi
639 3819 738 3891 Aron
755 3843 853 3893 versa
873 3820 911 3890 in
933 3819 1142 3912 draconem)
1166 3822 1300 3894 animus

163 3937 260 4008 illius
273 3935 414 4008 familia
430 3936 549 4011 tardus
561 3937 606 4008 ad
622 3937 829 4030 sperandum
844 3939 985 4020 bonum,
999 3935 1101 4008 velox
1113 3938 1158 4008 ad
1174 3937 1301 4010 facien-

164 4055 252 4126 dum
276 4053 425 4137 malum;
450 4061 488 4124 et
509 4050 652 4125 dilatus⁵
673 4077 743 4148 prae
765 4053 872 4126 nimio
894 4053 1021 4149 gaudio
1042 4061 1149 4124 tautae
1170 4054 1301 4127 festivi·

164 4171 261 4254 tatis,
279 4170 387 4265 caepit
402 4168 579 4242 bacchari⁶
600 4169 702 4264 copiti
722 4171 918 4266 potationis,
942 4178 1155 4265 sequestrata
1176 4172 1301 4244 discre-

166 4288 265 4359 tione
281 4286 493 4372 sobrietatis;
516 4288 555 4357 in
574 4295 713 4359 tantum
729 4289 823 4380 quod
844 4287 1039 4380 imperfecti
1054 4286 1119 4357 viri
1135 4287 1250 4359 amissi
1267 4287 1302 4356 vi

169 4403 323 4476 scientia
336 4410 374 4475 et
385 4403 535 4496 pietatis,
549 4404 816 4477 devastaverunt
830 4426 941 4475 unum
956 4403 1170 4487 familiarem,
1188 4410 1226 4474 et
1241 4425 1303 4473 ne·

207 4721 491 4779 wormatiam.
509 4723 543 4778 E.
578 4723 801 4780 mosomo.
836 4723 922 4778 8Μιὶἱ
938 4721 1217 4779 3-29.Α.1).1059.
1251 4723 1306 4776 *Et

172 4807 252 4864 doc.
269 4810 303 4866 0.
338 4808 404 4864 asic
423 4808 457 4863 Ο.
474 4811 580 4866 ditmar.
601 4809 638 4865 Η.
672 4811 811 4867 ⁶Bacaori.
846 4809 926 4866 MSS.
