3316 5796
363 817 439 889 124
736 835 843 887 urana
866 836 1124 889 nlunuvnusrs

363 1006 540 1100 regionem
562 1003 607 1074 ad
628 1002 771 1072 modum
793 1001 919 1074 nimbi1
940 1003 1161 1076 discurrentis
1184 1028 1246 1098 per
1266 1006 1339 1078 ima
1359 1010 1497 1080 conval-

367 1125 462 1195 lium.
513 1120 736 1211 Quaecunque
755 1128 875 1190 autem
897 1121 1087 1192 animantia
1109 1143 1171 1191 suo
1190 1123 1353 1214 pestifero
1376 1125 1497 1196 afflatu

363 1241 562 1334 attingeret,
580 1245 641 1308 aut
657 1232 766 1306 illico²
778 1236 1021 1320 moriebantur,
1035 1245 1095 1307 aut
1112 1237 1338 1332 aegrombant³
1350 1241 1388 1309 in
1405 1265 1498 1312 mor-

363 1365 450 1426 tem.
501 1354 618 1446 Siquis
634 1376 714 1423 vero
731 1352 903 1422 medelam
923 1362 1106 1424 conaretur
1125 1355 1284 1424 adhibere
1300 1360 1497 1448 aegrotanti,

368 1496 439 1543 non
454 1479 591 1543 tantum
607 1470 836 1542 medicamina
851 1492 921 1538 non
937 1469 1111 1539 habebant
1127 1492 1228 1540 snum
1241 1469 1413 1553 effectum,
1432 1475 1496 1543 sed

367 1590 474 1660 etiam
493 1587 726 1658 medicantem
742 1607 822 1655 cum
840 1593 968 1678 aegroto
984 1593 1060 1655 atra
1077 1586 1150 1657 lues
1167 1587 1323 1658 trahebat
1339 1589 1383 1658 ad
1402 1589 1496 1659 inte-

366 1707 483 1776 ritum.
543 1703 591 1773 Et
617 1710 695 1795 post
721 1702 929 1772 immensum
954 1709 1093 1795 tempus
1118 1703 1237 1774 sedata
1261 1713 1313 1774 est
1337 1705 1493 1775 oratione

366 1821 487 1893 Sancti
510 1819 653 1908 Teliaui,
676 1827 713 1888 et
735 1826 932 1888 sanctorum
955 1816 1153 1888 Britanniae.
1205 1817 1254 1888 Et
1275 1817 1335 1889 ne⁴
1351 1819 1493 1911 antiqua

365 1936 463 2034 gens⁵
486 1931 627 2007 omnind
650 1935 888 2027 extirparetur,
911 1938 1007 2004 venit
1030 1935 1145 2005 divina
1164 1959 1233 2005 vox
1258 1936 1301 2006 ad
1325 1935 1492 2006 Sanctum

365 2054 532 2134 Teliaum‚
554 2061 595 2120 ut
607 2073 688 2121 oum
701 2051 770 2120 suis
783 2050 924 2132 clariola,
939 2059 976 2120 et
991 2051 1129 2143 populo,
1146 2052 1213 2122 iret
1226 2051 1491 2146 Comugalliam,

367 2193 443 2261 quae
464 2177 585 2260 postea
605 2176 729 2238 vocata
751 2167 879 2236 Cernin
901 2165 1023 2250 Badio,
1046 2177 1082 2237 et
1104 2167 1153 2238 ibi
1175 2169 1309 2238 invenit
1330 2178 1493 2262 nepotem

366 2308 467 2358 suum
480 2283 694 2366 Oudccenm‚
712 2285 823 2353 virum
839 2282 1040 2376 praeclarum
1057 2292 1093 2353 et
1108 2293 1339 2368 mansuetum,
1357 2294 1393 2355 et
1408 2287 1495 2355 utri-

366 2426 474 2496 usque
487 2401 574 2495 legis
589 2401 749 2494 peritum,
762 2408 804 2468 ut
817 2397 1013 2470 candelam⁶
1026 2423 1127 2492 super
1139 2401 1394 2472 candelabrum.
1446 2401 1496 2472 Et

364 2514 521 2614 propter⁷
540 2527 678 2610 tempus
699 2539 768 2586 snae
790 2516 1067 2598 conversationis,
1089 2515 1238 2587 Sanctus
1258 2516 1406 2600 Teliaus,
1423 2516 1494 2588 Ar-

366 2637 602 2728 chiepiscopus
623 2632 815 2714 Landaviae,
838 2631 992 2702 ecclesiae
1012 2631 1132 2703 Sancti
1153 2632 1250 2702 Petri
1267 2633 1422 2725 apostoli,
1441 2658 1495 2704 re-

366 2753 431 2822 diit
447 2752 491 2822 ad
509 2750 623 2822 natale
640 2749 760 2830 solum,
778 2770 857 2816 oum
876 2771 937 2818 suo
954 2757 1081 2840 nepote
1098 2749 1196 2819 illum
1213 2750 1416 2833 eomitante;
1434 2751 1495 2842 qui

367 2877 504 2939 tantum
524 2867 632 2937 crevit
651 2866 688 2934 in
707 2865 864 2934 bonitate
885 2872 921 2934 et
942 2865 1094 2948 scientia,
1113 2865 1205 2957 quod
1226 2866 1290 2936 sibi
1309 2866 1495 2960 (electione

366 2985 449 3053 cleri
471 2992 508 3054 et
529 2980 662 3075 populi)
684 2982 838 3052 succedit
861 2983 898 3051 in
919 2982 1154 3074 episcopatum
1180 2981 1413 3053 Laudavensis
1438 3007 1497 3052 ec·

365 3100 477 3170 clesiae
493 3099 662 3170 electione
679 3097 762 3166 cleri
780 3095 987 3191 Mercguini,
1005 3105 1042 3168 et
1059 3097 1225 3191 Elgoreti,
1243 3096 1296 3168 et⁸
1313 3098 1496 3170 Gunnuini

365 3215 530 3309 magistri,
548 3223 584 3284 et
604 3215 709 3284 trium
725 3212 917 3295 Abbatum,
935 3213 1069 3307 Oatgen
1085 3213 1236 3284 Abbatis
1259 3213 1378 3297 Ilduti‚
1401 3215 1495 3284 Con-

364 3355 454 3404 cenn
470 3330 620 3401 Abbatis
642 3329 814 3412 Catmaili‚
836 3329 963 3425 Oetnig
979 3328 1129 3401 Abbatis
1152 3329 1362 3423 Dooguinni:
1389 3330 1495 3400 laico-

366 3473 452 3532 rum,
471 3447 577 3542 Regis
594 3445 755 3529 Mourici,
773 3455 809 3518 et
826 3445 975 3516 filiorum
991 3443 1140 3516 Athruie
1156 3455 1192 3517 et
1209 3445 1363 3528 Idnerth,
1382 3446 1496 3517 Gnid-

365 3590 433 3663 gen
449 3573 487 3636 et
499 3564 633 3646 Cetiau
647 3563 829 3645 Brocmail,
844 3560 1012 3645 Gendoc,l
1025 3561 1243 3644 Louhonerd,
1257 3561 1494 3656 Catgualatyr,

365 3691 402 3753 et
418 3682 572 3752 omnium
591 3680 791 3773 Principum
807 3679 914 3749 totius
930 3678 1108 3772 parochia.

415 3794 545 3866 Missus
558 3805 611 3867 est
625 3796 772 3867 Sanctus
786 3794 970 3867 Oudoceus
983 3819 1062 3865 cum
1076 3795 1219 3866 Clerieis
1235 3796 1304 3866 suis
1320 3797 1493 3890 praedictis

367 3910 537 3994 Merohui,
556 3920 592 3982 et
610 3911 785 4006 Elguorot,
804 3921 841 3982 et
858 3911 1035 3994 Gunubui,
1052 3936 1133 3982 cum
1153 3913 1276 4007 legatis
1293 3913 1399 3983 trium
1415 3912 1492 3984 Ab·

365 4031 496 4110 batum,
518 4035 555 4098 et
572 4027 679 4122 Regis
695 4038 731 4099 et
749 4028 948 4123 Principum
965 4029 1009 4099 ad
1027 4027 1356 4101 Dorobomensem¹⁰
1371 4029 1493 4099 civita·

364 4153 448 4228 tem,
472 4144 515 4214 ad
538 4143 678 4214 beatum
696 4144 1015 4238 Archiepiscopum,
1032 4146 1094 4216 ubi
1110 4156 1263 4217 sacratus
1279 4155 1332 4216 est
1348 4143 1492 4237 Episco-

364 4257 453 4355 pusll
470 4259 622 4331 ecclesia
640 4259 833 4344 Laudaviae,
856 4263 893 4331 in
915 4263 1043 4333 honore
1067 4261 1187 4334 Sancti
1209 4261 1306 4332 Petri
1328 4261 1490 4332 firndatae.

400 4515 462 4570 ¹Sic
479 4513 513 4570 Ο.
532 4517 630 4570 imbris.
655 4513 693 4568 H.
728 4513 819 4570 2Ilico.
845 4514 925 4570 MSS.
960 4515 1024 4571 ³Sic
1042 4515 1075 4571 B.
1093 4517 1293 4585 oeprombontur.
1317 4513 1399 4569 MSS.
1432 4515 1496 4570 ‘Ne

363 4602 446 4657 deest.
465 4601 503 4657 H.
521 4602 557 4656 sic
575 4603 609 4657 0.
643 4601 707 4656 esic
725 4601 758 4656 B.
780 4621 843 4672 pena
859 4603 940 4658 deest.
966 4603 1045 4659 MSS.
1080 4602 1221 4658 totototo.
1246 4601 1282 4656 0.
1317 4602 1423 4657 ⁷Forte
1440 4601 1494 4673 leg.

361 4696 428 4756 poet.
454 4688 487 4743 Ε.
530 4689 585 4743 flat
608 4689 689 4744 deest.
718 4689 752 4744 O.
798 4689 928 4760 ⁹Gendop.
955 4690 991 4746 0.
1040 4688 1114 4746 ¹⁰Sic
1135 4689 1167 4744 B.
1189 4691 1385 4745 dorodercneau.
1412 4689 1494 4744 MSS.

365 4773 383 4814 ¹¹
394 4777 533 4846 Episcopus
550 4775 623 4832 deest
641 4774 720 4830 MSS.
738 4775 888 4848 suppletur.
906 4777 939 4832 B.
