3318 5804
514 763 623 814 nmnn
647 761 910 814 munuvnusru
1214 741 1284 816 167

191 928 402 1007 Sciendum¹
424 939 478 1002 est
498 926 617 1000 nobis²
635 929 730 1022 quod
750 929 848 999 dedit
869 927 953 998 Ilias
973 925 1120 1020 podum³
1137 936 1286 1024 quotuor

142 1053 340 1123 modiorum
362 1049 436 1144 agri
458 1048 551 1118 circe
574 1069 620 1129 se,
645 1068 726 1116 cum
750 1046 845 1116 omni
868 1067 975 1116 censu
997 1067 1069 1129 ouo,
1087 1067 1214 1138 magno
1231 1045 1287 1117 vel

142 1169 291 1252 modico,
310 1165 398 1250 Deo,
416 1171 454 1236 et
471 1163 652 1246 Dubricio,
670 1170 708 1233 et
724 1161 878 1244 Teliauo,
896 1170 934 1232 et
951 1160 1169 1256 Berthguino
1187 1161 1289 1255 Epis-

145 1309 243 1379 copo,
257 1293 292 1356 et
304 1284 418 1354 omnis
431 1279 684 1354 successoribus
695 1277 849 1349 ecclesiae
860 1277 1046 1349 Laudaviae
1058 1280 1096 1349 in
1107 1287 1287 1372 perpetuo.

11 1423 12 1440 ¹
146 1402 255 1472 Facto
273 1408 327 1472 eet
348 1402 419 1470 ista
440 1398 661 1490 eleemosyna
682 1397 719 1465 in
741 1418 825 1487 aper
843 1393 991 1489 Mynuy‚
1013 1396 1129 1479 verbo,
1153 1403 1191 1466 et
1207 1418 1289 1467 con·

11 1501 12 1564 l
144 1543 246 1592 sensu
260 1517 370 1589 Ithail
387 1516 504 1609 patris,
523 1522 561 1584 et
576 1512 729 1583 filiorum
748 1511 913 1582 Fernueil
930 1520 968 1582 et
984 1510 1135 1596 Mouric,
1154 1521 1191 1583 et
1208 1534 1290 1582 oum

145 1637 239 1708 omni
263 1659 327 1706 sua
349 1633 523 1714 libertate,
547 1639 585 1701 et
609 1629 704 1701 omni
725 1630 979 1712 communione,
1001 1631 1039 1699 in
1055 1651 1179 1722 campo
1196 1637 1233 1700 et
1252 1630 1290 1698 in

146 1753 251 1834 silvis,
270 1753 309 1821 in
325 1773 416 1842 equa
432 1756 470 1818 et
491 1750 529 1818 in
549 1747 695 1839 pascuis,
713 1753 750 1816 et
766 1747 878 1817 tribus
894 1745 1078 1816 abbatibus
1094 1745 1290 1816 attestanti-

145 1870 218 1952 bus,
232 1867 362 1961 Dagon
372 1863 515 1936 Abboto
527 1863 680 1935 Cerbani
693 1861 801 1946 vallis,
817 1861 948 1933 Seturn
960 1859 1103 1933 Abbate
1117 1860 1290 1944 Docunni,

147 1985 286 2056 Eluoed
301 1981 447 2054 Abbote
468 1980 589 2065 Ilduti‚
615 1981 741 2051 Trioan
762 1978 921 2051 hectore.
973 1978 1030 2050 De
1051 1978 1158 2064 laicis,
1183 1986 1292 2050 testes

147 2099 244 2174 otmt⁴
267 2098 424 2171 Judhael
447 2098 539 2182 Rex,
562 2121 643 2169 cum
665 2098 746 2168 filiis
769 2095 934 2168 Femunil
960 2104 997 2167 et
1017 2095 1169 2181 Mouric
1198 2096 1290 2181 ilino,

149 2217 273 2301 Eleun,
300 2215 443 2300 Mobsu,
461 2213 638 2286 Judnerth
654 2214 747 2285 iilius
768 2212 980 2308 Judguulon,
998 2211 1185 2285 Dounerth
1200 2213 1292 2285 filius

148 2331 264 2418 Judic,
292 2332 432 2414 Ceriau,
461 2329 611 2403 Judnoe.
664 2330 874 2423 Quicunque
905 2332 1119 2415 custodierit,
1149 2331 1292 2402 benedi-

148 2459 261 2535 cetur;
288 2450 348 2543 qui
365 2472 449 2520 vero
465 2448 657 2532 violaverit,
674 2447 913 2520 maledicetur.

578 2713 700 2816 me
724 2716 865 2789 Conco.

199 2917 394 2989 Sciendum
426 2917 601 3009 estquod
632 2916 814 2989 Conuilius
846 2917 938 2989 filius
966 2914 1155 3002 Guroenni,
1185 2918 1292 2990 verbo

153 3033 332 3105 Morcanti
352 3042 390 3104 et
415 3033 478 3104 filii
503 3033 578 3127 ejus
603 3033 721 3118 Ithail,
748 3035 846 3105 dedit
869 3035 998 3117 villum,
1025 3036 1062 3104 in
1087 3057 1156 3128 que
1181 3035 1294 3130 sepul-

151 3152 275 3222 chrum
305 3159 358 3222 est
376 3150 497 3234 Guroi,
522 3151 560 3221 id
585 3160 648 3235 eet,
674 3152 795 3222 villum
820 3151 951 3236 Oonuc
978 3150 1066 3236 Deo,
1093 3161 1130 3223 et
1155 3151 1294 3224 Sanctis

153 3266 332 3350 Dubrioio,
349 3267 502 3351 Teliauo
521 3275 558 3337 et
575 3266 753 3353 Oudoceo,
774 3291 856 3339 cum
878 3291 941 3340 suo
962 3277 1039 3340 tote
1060 3267 1232 3351 libertate,
1256 3277 1293 3340 et

152 3391 228 3454 tote
244 3384 499 3468 communione,
516 3384 555 3454 in
571 3407 695 3478 compo
712 3395 749 3457 et
765 3387 803 3456 in
820 3387 927 3480 aquis,
943 3388 982 3457 in
998 3386 1085 3457 silva
1100 3393 1138 3456 et
1156 3385 1195 3456 in
1216 3409 1293 3480 pos·

153 3500 235 3583 cuis,
260 3508 299 3570 et
318 3497 537 3594 Berthguino
561 3500 745 3595 Episcopo,
769 3513 806 3575 et
828 3505 997 3597 episcopis
1020 3503 1180 3573 omnibus
1201 3502 1295 3573 Len·

153 3617 262 3688 doviae
278 3618 317 3687 in
331 3626 517 3711 perpetu03
543 3626 581 3690 et
597 3641 679 3689 cum
692 3621 775 3692 dcta
791 3621 1011 3714 eleemosyna
1022 3620 1187 3714 praecepit
1208 3619 1293 3691 Cor·

155 3733 217 3804 nul
235 3734 309 3804 filio
330 3757 392 3805 suo
412 3735 547 3819 'Conuc
569 3743 607 3806 et
629 3735 709 3808 filiis
726 3740 796 3810 suis
813 3762 835 3809 o
853 3738 1077 3834 generatione
1093 3739 1130 3808 in
1152 3759 1294 3832 genera·

153 3851 296 3934 tionem,
317 3859 360 3921 ut
382 3873 520 3945 semper
541 3853 710 3923 servirent
731 3855 833 3925 alteri
856 3855 1042 3926 Laudaviae
1065 3855 1110 3924 de
1128 3854 1294 3947 praedicto

154 3989 247 4060 agro.
299 3965 396 4038 Finis
417 3969 520 4052 illius,
547 3966 584 4037 A
601 3971 731 4043 vertice
747 3973 877 4043 montis
893 3970 1004 4043 Gurei
1024 3993 1134 4065 usque
1155 3993 1295 4044 onmem

155 4081 309 4168 Euenhi;
335 4083 486 4156 latitudo
506 4093 627 4156 eutem
649 4109 671 4157 a
692 4087 784 4160 fosse
803 4111 932 4184 magno
952 4111 1063 4182 usque
1085 4086 1146 4160 ad⁵
1168 4073 1296 4160 fossam

154 4209 277 4272 contra
291 4223 398 4272 mare.
451 4201 507 4273 De
525 4201 678 4288 Clericis,
701 4213 810 4278 testes
831 4215 913 4278 sunt
934 4205 1173 4302 Berthguinus
1195 4205 1296 4300 Epie-

155 4340 270 4413 copus,
286 4315 423 4412 Sulgen
431 4315 708 4394 AbbeoCarbeni
718 4324 827 4408 vellis,
839 4322 1296 4419 SeturnAbbesDocgunni,

190 4645 325 4702 ¹Nullum
347 4640 465 4700 titulum
485 4639 567 4694 hebet
588 4643 639 4698 hoc
660 4645 863 4700 documentum.
888 4642 922 4700 E.
965 4645 1067 4700 ²Forte
1087 4647 1140 4720 leg.
1161 4649 1237 4702 mtto.
1261 4646 1296 4702 E.

153 4731 273 4790 ³Podum
290 4735 377 4789 deest.
398 4730 434 4782 O.
470 4727 577 4785 *Tertor
593 4738 658 4786 eunt
676 4732 782 4787 desunt.
801 4731 837 4786 0.
872 4731 937 4786 Md
954 4733 1036 4789 dcent.
1055 4734 1091 4789 Ο.
