3316 5796
356 829 428 898 110
730 842 838 892 Lmen
863 841 1123 892 usrunvnnsrs.

355 1011 445 1080 rium
453 1010 521 1100 jus,
541 1004 752 1076 Pennalum¹
766 1000 962 1075 videlicetz²
975 1006 1134 1087 secunda,
1147 1007 1192 1076 ob
1205 1010 1502 1079 conversationem

356 1149 464 1208 suum,
478 1133 514 1195 et
531 1123 720 1195 solitariam
733 1123 851 1203 vitam,
866 1143 971 1213 quam
988 1121 1074 1191 inibi
1092 1123 1193 1193 duxit
1210 1147 1272 1216 per
1287 1132 1428 1217 tempus
1445 1149 1503 1196 su-

356 1265 419 1336 per
438 1243 547 1335 ripam
570 1239 668 1334 Tyui,
687 1247 724 1308 et
741 1239 833 1330 quod
856 1238 904 1308 ibi
928 1238 1035 1307 vitam
1053 1239 1201 1332 gloriose
1218 1239 1368 1311 finierat:
1395 1243 1502 1311 tertia

356 1381 438 1430 vero
457 1357 642 1440 Landosia,
656 1356 702 1425 ob
719 1355 837 1426 sedem
851 1355 1092 1447 episcopalem,
1107 1356 1152 1425 ob
1169 1357 1244 1448 ejus
1260 1357 1449 1452 privilegia,
1464 1367 1503 1429 et

357 1475 553 1568 dignitates,
572 1474 617 1543 ob
634 1472 909 1542 consecrationes
926 1479 963 1540 et
980 1471 1224 1555 obedientiam,
1246 1474 1291 1542 ob
1310 1475 1421 1544 totius
1440 1497 1502 1566 pa-

355 1591 481 1662 rochiae
498 1589 705 1660 concordem
723 1611 854 1668 vocem,
872 1596 909 1657 et
927 1585 1049 1656 Sancti
1066 1587 1225 1658 Dubricii
1241 1613 1304 1682 per
1320 1591 1445 1672 omnia,
1464 1599 1503 1660 et

356 1708 503 1779 aliomm
527 1715 676 1800 patrum,
698 1705 848 1798 priorem
870 1711 1001 1774 statum
1022 1712 1059 1774 et
1079 1706 1376 1777 constitutionem.
1428 1705 1502 1778 Sed

356 1824 509 1907 tandem,
527 1821 670 1894 consilio
687 1822 914 1892 discretorum
927 1821 1108 1890 hominum
1121 1823 1387 1915 acquiescentes
1401 1823 1504 1894 insis-

355 1949 476 2012 temnt
494 1940 639 2032 jejunio,
663 1948 700 2009 et
717 1938 938 2020 orationibus,
956 1946 997 2007 ut
1013 1961 1169 2008 summus
1186 1941 1314 2010 arbiter
1330 1939 1499 2022 Christus,

358 2058 417 2149 qui
435 2066 488 2128 est
506 2080 587 2128 vera
607 2055 795 2126 auctoritas
817 2063 854 2125 et
875 2063 1073 2125 sanctorum
1095 2055 1323 2150 privilegium,
1344 2057 1499 2126 evidenti

358 2175 455 2267 signo
472 2174 642 2254 innueret,
661 2173 717 2243 cui
734 2169 889 2242 illarum³
907 2171 1029 2241 Sancti
1046 2179 1205 2242 sanetum
1223 2195 1345 2266 corpus
1361 2171 1500 2265 dignius

358 2299 449 2361 esset
459 2287 774 2360 committendum.⁴
792 2287 903 2358 Mane
911 2297 1031 2358 autem
1042 2287 1144 2372 facto,
1151 2289 1293 2380 quidam
1304 2289 1502 2372 senior,res-

358 2407 488 2500 piciens
498 2407 558 2478 ubi
570 2414 645 2477 erat
655 2429 788 2498 corpus,
800 2405 963 2476 clamavit
974 2427 1059 2474 voce
1070 2427 1206 2499 magna,
1219 2407 1346 2488 dicens,
1359 2405 1504 2476 “Exau-

359 2535 379 2563 “
390 2524 464 2594 dita
480 2532 543 2606 est,
567 2520 707 2594 fiatres⁵
722 2523 803 2604 mei,
826 2521 936 2591 oratio
953 2528 1071 2591 nostra
1087 2544 1108 2591 a
1126 2521 1287 2605 Domino,
1311 2523 1370 2615 qui
1392 2527 1503 2594 nemi-

360 2651 380 2681 “
390 2665 472 2712 nem
493 2642 605 2734 privat
625 2663 687 2733 pro
709 2639 845 2708 merito.
898 2637 1049 2731 Surgite,
1074 2647 1111 2708 et
1133 2639 1294 2731 respicite
1312 2662 1389 2731 quae
1410 2639 1505 2712 facta

360 2768 379 2798 ‘⁴
390 2766 471 2828 sunt
488 2782 509 2827 a
527 2757 725 2827 Mediatore
744 2755 812 2825 Dei
826 2762 863 2825 et
879 2753 1060 2823 hominum
1074 2753 1223 2838 Christo,
1241 2765 1283 2825 ut
1300 2765 1418 2826 nostra
1434 2758 1504 2828 dis-

360 2875 503 2944 “sentio
525 2873 717 2956 sedaretur3
743 2879 781 2941 et
801 2879 843 2940 ut
866 2871 902 2939 in
923 2870 1018 2940 beati
1036 2870 1250 2942 Confessoris
1267 2871 1402 2942 Teliaui
1420 2873 1505 2956 vita,

361 2992 440 3060 “sio
458 2988 511 3060 et⁶
528 2991 565 3058 in
582 2989 655 3080 ejus
675 2997 798 3070 morte,
816 2988 940 3057 fierent
961 2987 1157 3057 miracula”
1208 2987 1302 3058 Ecce
1319 2988 1426 3059 enim!
1454 2991 1506 3058 vi-

360 3107 445 3176 dent
467 3107 515 3177 ibi
537 3107 605 3177 tria
621 3128 772 3198 corpora,
791 3105 916 3196 quibus
934 3127 997 3197 par
1013 3113 1087 3175 erat
1105 3105 1279 3196 quantitas
1296 3107 1504 3198 incorpore,

358 3223 453 3294 idem
471 3224 575 3294 decor
591 3224 627 3292 in
651 3222 753 3306 facie3
780 3221 878 3316 (quid
894 3219 1075 3313 ampliusl)
1094 3222 1130 3290 in
1151 3220 1247 3290 nullo
1264 3222 1505 3315 discrepantia,

359 3341 535 3412 habebant
558 3341 667 3410 totius
684 3338 896 3432 compaginis
917 3336 1138 3407 lineamenta
1190 3337 1249 3408 Sic
1267 3339 1387 3409 sedata
1405 3361 1504 3431 pace,

361 3457 487 3552 singuli
505 3479 586 3527 cum
607 3479 669 3527 suo
687 3478 828 3549 corpore
845 3462 1087 3525 remeaverunt
1104 3453 1149 3524 ad
1171 3477 1241 3538 sua,
1261 3464 1298 3526 et
1316 3455 1451 3526 diversa
1468 3457 1506 3526 in

359 3574 429 3645 illis
442 3575 584 3645 diversis
601 3573 686 3644 locis
698 3596 779 3642 cum
797 3593 934 3642 summa
950 3571 1143 3641 reverentia
1158 3571 1378 3664 sepelienmt.
1431 3570 1506 3641 Mi-

359 3691 485 3760 reculis
497 3691 638 3783 quidem
656 3689 919 3782 quamplurimis
936 3687 1115 3780 cognitum
1132 3696 1186 3758 est
1203 3688 1298 3758 omni
1314 3687 1453 3780 populo,
1468 3699 1507 3759 et

359 3808 597 3877 monumentis
619 3807 841 3898 antiquorum
864 3804 1037 3874 seniorum
1060 3804 1298 3875 indubitanter
1319 3803 1505 3874 Landaviae

361 3945 436 3990 esse
449 3921 603 3991 allatum.
647 3921 707 3991 Ad
720 3923 818 4014 cujus
831 3917 975 3990 summi⁷
986 3921 1160 4013 pontificis
1173 3922 1332 3992 tumbam
1346 3921 1505 4013 frequen-

361 4035 494 4108 tissime
506 4038 550 4107 ab
564 4039 723 4108 omnibus
736 4039 806 4108 suis
823 4036 1046 4130 languoribus
1059 4047 1225 4108 curantur
1241 4038 1384 4121 infirmi;
1404 4038 1504 4107 caecis

360 4152 566 4224 illustrando
583 4155 704 4235 visum,
731 4162 768 4224 et
792 4155 904 4223 surdis
923 4153 1101 4247 largiendo
1122 4155 1292 4225 auditum.
1343 4153 1438 4233 Haec,
1465 4163 1504 4222 et

361 4268 415 4340 his
437 4270 546 4362 plura,
565 4270 688 4341 fratres
712 4265 926 4351 charissimi‚⁸
943 4281 1086 4362 operata
1103 4281 1157 4341 est
1180 4271 1297 4340 divina
1313 4270 1420 4340 virtus
1440 4291 1506 4361 pro

362 4385 594 4456 sanctissimo⁹
618 4387 823 4458 Confessore
845 4385 998 4457 Teliauo.
1051 4387 1168 4472 Quare
1185 4388 1275 4459 tanti
1293 4386 1356 4456 viri
1374 4386 1509 4456 festivi-

398 4626 570 4680 lPenoalum.
596 4623 629 4676 O.
665 4624 792 4679 'Scilicet
817 4625 851 4679 Ο.
886 4625 1135 4683 ³SicO.1110rum.
1161 4625 1198 4678 H.
1233 4625 1454 4680 ⁴Oomittendum.
1475 4625 1512 4680 0.

361 4715 496 4766 *Freiria
522 4713 555 4766 0.
590 4712 645 4763 6Et
663 4711 745 4766 deest.
770 4713 804 4766 0.
840 4714 904 4768 ⁷Sic
922 4714 956 4770 Ο.
974 4716 1058 4768 Sami.
1083 4712 1121 4767 H.
1156 4712 1220 4766 ⁸Sic
1239 4713 1275 4765 Ο.
1299 4714 1444 4765 kurirsbui.
1471 4712 1512 4766 ll.

360 4798 544 4852 ⁹Proui-ramo.
564 4799 597 4853 Ο.
