3316 5796
520 855 627 908 arnan
653 855 913 909 taunsvassrs.
1242 839 1288 912 79

133 1023 257 1094 omnia
277 1024 411 1106 ordine,
437 1021 578 1106 dicens,¹
630 1019 706 1094 “0²
729 1023 837 1096 Pater
858 1033 988 1108 sancte,
1014 1022 1047 1095 Ο
1071 1023 1135 1097 flos
1157 1027 1288 1120 patriae,

133 1141 276 1210 “michi
298 1139 500 1212 succurre!”
550 1138 689 1211 Auditi
704 1165 817 1234 prece,
836 1141 987 1212 Sanctus
1004 1140 1192 1214 Dubricius
1212 1167 1291 1237 pre-

135 1266 238 1328 catus
256 1256 378 1328 Deum
394 1266 438 1327 ut
455 1257 500 1328 de
515 1258 677 1352 angustia
692 1280 798 1350 quam
815 1253 965 1329 Samson
982 1259 1189 1352 patiebatur,
1207 1283 1290 1331 eum

137 1374 322 1457 liberaret;
348 1383 388 1444 et
404 1374 591 1468 instigatus
607 1382 753 1468 paterno
769 1383 920 1467 pectore,
939 1375 1083 1446 intravit
1099 1375 1288 1460 cellarium,

136 1491 270 1562 comite
284 1490 467 1573 samsone,
479 1499 515 1562 et
528 1499 568 1561 ut
581 1491 718 1573 dicitur,
734 1490 1102 1563 “mirabilisDominus
1114 1493 1152 1561 in
1162 1494 1290 1563 sanctis

137 1618 156 1648 ‘⁶
166 1608 273 1690 suis,”
287 1607 392 1702 (mira
403 1605 587 1698 relatione)
599 1606 749 1678 elevavit
761 1603 906 1679 manum
917 1631 999 1678 cum
1012 1608 1175 1701 imposita
1184 1609 1290 1679 bene-

137 1725 305 1805 dictione,
320 1731 358 1794 et
372 1724 455 1794 data
468 1723 536 1806 illa,
551 1725 671 1794 statim
684 1747 729 1794 ex
745 1724 883 1818 integro
900 1724 1182 1817 superabundant
1198 1747 1288 1808 vasa,

138 1841 251 1912 veluti
265 1841 393 1911 eadem
409 1840 495 1910 hora
511 1840 658 1911 fuissent
675 1841 865 1933 liquoribus
878 1864 923 1911 ex
941 1841 1043 1911 solito
1056 1839 1215 1934 impleta3
1241 1850 1287 1924 et,

139 1967 313 2028 evacuato
335 1957 444 2027 livore
467 1957 614 2040 invidiae,
632 1965 714 2027 sunt
735 1954 995 2052 redintegrata³
1010 1964 1048 2027 et
1065 1979 1141 2048 quae
1158 1957 1291 2028 tributa

141 2083 223 2145 sunt
240 2072 434 2167 largiendo,
452 2072 611 2144 redacta⁴
627 2082 708 2144 sunt
724 2074 885 2166 precibus
901 2075 1163 2144 remunerando.

191 2189 267 2262 VI.
293 2188 586 2284 Confugientibus
607 2190 744 2284 populis
765 2214 811 2261 ex
827 2190 940 2274 solito,
953 2192 999 2262 ad
1015 2191 1158 2262 beatum
1175 2192 1287 2261 virum

21 2401 22 2406 Ἰ
145 2305 362 2388 Dubritium,
380 2314 418 2376 et
435 2307 719 2398 recuperantibus
742 2309 928 2378 sanitatem
950 2308 1145 2379 animarum
1161 2316 1198 2378 et
1215 2333 1289 2379 cor-

146 2443 290 2514 porum;
314 2422 453 2492 advenit
466 2419 625 2514 quidam⁵
640 2431 766 2517 potens
778 2424 840 2506 vir,
853 2424 961 2518 regali
978 2422 1138 2518 prosapiis
1153 2427 1290 2517 procre-

21 2549 22 2560 ’
146 2546 240 2620 atus,
259 2535 517 2632 Guidgentiuai,
535 2562 644 2623 orans
662 2548 700 2610 et
716 2539 817 2611 flexis
833 2542 990 2635 genibus,
1007 2549 1049 2610 ut
1065 2541 1173 2610 filiam
1190 2565 1288 2612 suam

21 2727 22 2742 χ
145 2651 342 2748 Arganhell
358 2663 498 2746 captam
511 2677 532 2726 a
544 2655 700 2727 daemone
713 2655 899 2740 liberaret,6
912 2680 988 2749 quae
1002 2657 1038 2726 in
1054 2665 1194 2728 tantum
1207 2681 1290 2727 vex-

21 2763 22 2794 *
144 2769 270 2841 abatur
286 2770 380 2862 quod
397 2771 459 2852 vir,
478 2770 617 2842 funibus
640 2771 756 2867 ligatis
775 2774 946 2856 manibus,
970 2773 1029 2842 vix
1051 2781 1189 2867 poterat
1211 2797 1289 2845 eam

144 2883 320 2970 retinere,⁷
336 2888 421 2980 quin
437 2898 653 2983 mergeretur
669 2889 822 2972 fimnine,
847 2891 931 2982 quin
953 2890 1176 2961 comburetur
1199 2890 1289 2986 igne,

146 3005 230 3097 quin
242 3013 465 3074 consumeret
477 3006 595 3076 omnia
605 3005 817 3078 adhaerentia
829 3007 1001 3078 dentibus.
1052 3004 1204 3099 Oquam
1221 3007 1291 3078 cla-

146 3145 224 3191 rum
242 3120 323 3191 Deo
340 3121 477 3204 servire,
499 3123 558 3214 qui
579 3131 706 3193 cuncta
725 3130 824 3193 tenet
844 3123 881 3192 in
901 3146 963 3194 suo
982 3117 1229 3206 moderamine,
1253 3133 1290 3195 et

145 3239 307 3308 refraenat
322 3238 367 3308 ad
390 3259 493 3308 snum
509 3237 613 3309 velle!
664 3236 801 3310 Audite
819 3263 931 3332 prece,
949 3238 1044 3334 pius⁸
1062 3249 1163 3333 pater
1179 3242 1291 3312 oravit

147 3356 192 3425 ad
208 3350 414 3437 Dominum,
432 3362 470 3424 et
486 3353 602 3425 effirsis
619 3353 803 3449 lachrymis
819 3357 1002 3449 procidens
1018 3357 1055 3426 in
1073 3365 1211 3439 terram,
1230 3357 1290 3427 de-

149 3480 311 3563 precatus
328 3479 383 3541 est
401 3468 528 3554 Deum,
548 3479 589 3541 ut
611 3471 859 3542 intercessione
878 3473 974 3543 beati
998 3471 1096 3542 Petri
1117 3471 1290 3564 apostolo-

149 3610 227 3656 rum
239 3587 415 3679 principis,
429 3587 655 3680 omniumque
667 3597 875 3672 sanctorum,
890 3595 1105 3659 succurreret
1118 3587 1289 3681 largienti.

149 3701 236 3787 Quae
253 3704 291 3772 in
308 3702 477 3795 proximo,
490 3704 673 3796 praesentia
687 3706 795 3798 patris
808 3706 870 3789 sui,
884 3713 921 3776 et
937 3712 1122 3798 parentum
1140 3728 1290 3789 suorum,

150 3819 260 3912 ruptis
276 3819 427 3902 funibus,
445 3819 519 3890 sine
535 3819 681 3904 macula,
699 3831 868 3892 evacuato
885 3822 1038 3916 maligno
1055 3821 1187 3914 spiritu,
1209 3844 1291 3892 cum

151 3944 355 4028 recuperata
370 3935 528 4018 sanitate,
547 3945 583 4008 et
599 3936 754 4030 plenaria
771 3939 924 4023 scientia,
942 3937 1075 4032 recepit
1092 3961 1137 4008 ex
1154 3938 1290 4032 integro

149 4052 330 4144 pristinam
343 4052 539 4135 sanitatem,
553 4062 590 4124 et
601 4053 638 4123 in
651 4054 811 4126 omnibus
823 4055 1055 4138 melioratam3
1082 4078 1158 4147 quae
1171 4055 1291 4126 stetim

151 4169 353 4263 recognovit
369 4191 467 4238 suam
486 4169 720 4264 fragilitatem,
743 4171 864 4242 inflato
883 4171 1013 4243 Sancto
1032 4170 1174 4265 Spiritu,
1196 4179 1291 4265 post-

151 4285 266 4377 posuit
283 4284 460 4366 saeeulum,
484 4293 521 4356 et
543 4295 679 4358 servato
701 4289 834 4381 pudore
850 4287 1068 4383 virginitatis,
1085 4309 1291 4381 permanens

151 4403 213 4472 sub
229 4401 367 4496 refirgio
383 4402 495 4472 sancti
510 4401 585 4487 viri,
603 4403 712 4475 vitam
729 4405 830 4476 duxit
846 4404 884 4474 in
899 4405 1035 4502 melius,
1052 4412 1090 4476 et
1105 4405 1229 4476 finivit.

186 4637 326 4695 ¹Dioendo.
340 4638 374 4694 Ο.
411 4638 546 4695 ’Odeest
560 4639 593 4695 Ο.
628 4641 692 4696 ³Sic
704 4641 737 4697 Ο.
747 4645 914 4712 reinteprntc.
927 4641 965 4697 Η.
1000 4640 1292 4711 ⁴Forteleg.reducta,

153 4724 314 4782 relrsddr'tn.
333 4725 368 4780 B.
405 4725 471 4780 ³810
483 4726 517 4782 Ο.
529 4729 642 4783 cuidam.
661 4729 699 4783 H.
734 4729 844 4785 tsieO.
862 4732 987 4784 doerrronio
998 4729 1133 4784 laboraret.
1153 4726 1191 4782 H.
1227 4725 1293 4780 '‘Sic

155 4809 185 4866 Ο.
195 4814 312 4879 fustibus
327 4831 392 4868 cum
409 4813 497 4880 tuto
513 4817 633 4869 manibus
647 4823 747 4883 poterat
764 4819 881 4872 retineri.
899 4816 937 4872 H.
972 4817 1085 4872 ⁸Pmis.
1104 4813 1138 4870 0.
