<?xml version="1.0" encoding="UTF-8"?>
<!DOCTYPE html PUBLIC "-//W3C//DTD XHTML 1.0 Transitional//EN"
    "http://www.w3.org/TR/xhtml1/DTD/xhtml1-transitional.dtd">
<html xmlns="http://www.w3.org/1999/xhtml" xml:lang="en" lang="en">
 <head>
  <title>
</title>
<meta http-equiv="Content-Type" content="text/html;charset=utf-8" />
  <meta name='ocr-system' content='tesseract 3.04.00' />
  <meta name='ocr-capabilities' content='ocr_page ocr_carea ocr_par ocr_line ocrx_word'/>
</head>
<body>
  <div class='ocr_page' id='page_1' title='image "./liberlandavensi00reesgoog/liberlandavensi00reesgoog_0311.png"; bbox 0 0 3336 5810; ppageno 0'>
   <div class='ocr_carea' id='block_1_1' title="bbox 540 807 1300 887">
    <p class='ocr_par' dir='ltr' id='par_1_1' title="bbox 540 807 1300 887">
     <span class='ocr_line' id='line_1_1' title="bbox 540 807 1300 887; baseline 0.008 -8"><span class='ocrx_word' id='word_1_1' title='bbox 540 828 648 879; x_wconf 77' lang='lat' dir='ltr'>unns</span> <span class='ocrx_word' id='word_1_2' title='bbox 672 827 930 880; x_wconf 79' lang='lat' dir='ltr'>nsnnsvnnsrs.</span> <span class='ocrx_word' id='word_1_3' title='bbox 1229 807 1300 887; x_wconf 77' lang='lat'>&#39;253</span> 
     </span>
    </p>
   </div>
   <div class='ocr_carea' id='block_1_2' title="bbox 159 991 1301 2000">
    <p class='ocr_par' dir='ltr' id='par_1_2' title="bbox 159 991 1301 2000">
     <span class='ocr_line' id='line_1_2' title="bbox 159 991 1298 1094; baseline -0.011 -22"><span class='ocrx_word' id='word_1_4' title='bbox 159 1003 204 1072; x_wconf 84' lang='lat' dir='ltr'>ad</span> <span class='ocrx_word' id='word_1_5' title='bbox 223 1001 410 1070; x_wconf 81' lang='lat' dir='ltr'>dexteram</span> <span class='ocrx_word' id='word_1_6' title='bbox 427 991 614 1066; x_wconf 91' lang='lat' dir='ltr'>dircirchu1</span> <span class='ocrx_word' id='word_1_7' title='bbox 630 1017 722 1088; x_wconf 90' lang='lat' dir='ltr'>pcnn</span> <span class='ocrx_word' id='word_1_8' title='bbox 731 995 829 1086; x_wconf 83' lang='lat' dir='ltr'>gueir</span> <span class='ocrx_word' id='word_1_9' title='bbox 839 994 949 1078; x_wconf 83' lang='lat' dir='ltr'>cloud,</span> <span class='ocrx_word' id='word_1_10' title='bbox 963 994 1171 1065; x_wconf 82' lang='lat' dir='ltr'>audieribit</span> <span class='ocrx_word' id='word_1_11' title='bbox 1184 998 1298 1094; x_wconf 89' lang='lat' dir='ltr'>dirgu.</span> 
     </span>
     <span class='ocr_line' id='line_1_3' title="bbox 161 1111 1298 1210; baseline 0.002 -23"><span class='ocrx_word' id='word_1_12' title='bbox 161 1120 255 1187; x_wconf 80' lang='lat' dir='ltr'>ciret</span> <span class='ocrx_word' id='word_1_13' title='bbox 269 1116 334 1186; x_wconf 88' lang='lat' dir='ltr'>bet</span> <span class='ocrx_word' id='word_1_14' title='bbox 349 1113 492 1206; x_wconf 85' lang='lat' dir='ltr'>mingui,</span> <span class='ocrx_word' id='word_1_15' title='bbox 515 1111 605 1180; x_wconf 92' lang='lat' dir='ltr'>nihit</span> <span class='ocrx_word' id='word_1_16' title='bbox 621 1111 682 1184; x_wconf 90' lang='lat' dir='ltr'>bet</span> <span class='ocrx_word' id='word_1_17' title='bbox 697 1132 780 1202; x_wconf 83' lang='lat' dir='ltr'>uper</span> <span class='ocrx_word' id='word_1_18' title='bbox 795 1111 935 1182; x_wconf 85' lang='lat' dir='ltr'>finneun</span> <span class='ocrx_word' id='word_1_19' title='bbox 953 1111 1062 1195; x_wconf 89' lang='lat' dir='ltr'>efrdil,</span> <span class='ocrx_word' id='word_1_20' title='bbox 1077 1112 1138 1182; x_wconf 89' lang='lat' dir='ltr'>ubi</span> <span class='ocrx_word' id='word_1_21' title='bbox 1160 1115 1298 1210; x_wconf 84' lang='lat' dir='ltr'>incepit</span> 
     </span>
     <span class='ocr_line' id='line_1_4' title="bbox 164 1225 1301 1326; baseline 0.001 -22"><span class='ocrx_word' id='word_1_22' title='bbox 164 1232 225 1304; x_wconf 90' lang='lat' dir='ltr'>De</span> <span class='ocrx_word' id='word_1_23' title='bbox 238 1231 391 1314; x_wconf 84' lang='lat' dir='ltr'>Clericis,</span> <span class='ocrx_word' id='word_1_24' title='bbox 409 1235 516 1300; x_wconf 86' lang='lat' dir='ltr'>testes</span> <span class='ocrx_word' id='word_1_25' title='bbox 532 1235 613 1298; x_wconf 92' lang='lat' dir='ltr'>sunt</span> <span class='ocrx_word' id='word_1_26' title='bbox 625 1225 756 1320; x_wconf 87' lang='lat' dir='ltr'>Joseph</span> <span class='ocrx_word' id='word_1_27' title='bbox 770 1225 970 1321; x_wconf 78' lang='lat' dir='ltr'>Episcopus,</span> <span class='ocrx_word' id='word_1_28' title='bbox 989 1229 1083 1299; x_wconf 88' lang='lat' dir='ltr'>Ruid</span> <span class='ocrx_word' id='word_1_29' title='bbox 1098 1232 1301 1326; x_wconf 74' lang='lat' dir='ltr'>praesbyter²</span> 
     </span>
     <span class='ocr_line' id='line_1_5' title="bbox 166 1342 1300 1440; baseline 0.001 -22"><span class='ocrx_word' id='word_1_30' title='bbox 166 1347 362 1430; x_wconf 79' lang='lat' dir='ltr'>Laudaviae,</span> <span class='ocrx_word' id='word_1_31' title='bbox 369 1343 583 1427; x_wconf 82' lang='lat' dir='ltr'>Cimeilisuc,</span> <span class='ocrx_word' id='word_1_32' title='bbox 590 1342 814 1435; x_wconf 90' lang='lat' dir='ltr'>Equonimus,</span> <span class='ocrx_word' id='word_1_33' title='bbox 821 1343 983 1415; x_wconf 80' lang='lat' dir='ltr'>Clemens</span> <span class='ocrx_word' id='word_1_34' title='bbox 993 1345 1300 1440; x_wconf 75' lang='lat' dir='ltr'>praesbyterLonn-</span> 
     </span>
     <span class='ocr_line' id='line_1_6' title="bbox 166 1458 1297 1550; baseline 0 -14"><span class='ocrx_word' id='word_1_35' title='bbox 166 1464 300 1548; x_wconf 74' lang='lat' dir='ltr'>cinfslk</span> <span class='ocrx_word' id='word_1_36' title='bbox 330 1464 375 1534; x_wconf 89' lang='lat' dir='ltr'>de</span> <span class='ocrx_word' id='word_1_37' title='bbox 399 1462 503 1546; x_wconf 85' lang='lat' dir='ltr'>luicis,</span> <span class='ocrx_word' id='word_1_38' title='bbox 528 1459 655 1532; x_wconf 84' lang='lat' dir='ltr'>Grifud</span> <span class='ocrx_word' id='word_1_39' title='bbox 678 1458 757 1530; x_wconf 86' lang='lat' dir='ltr'>Rex</span> <span class='ocrx_word' id='word_1_40' title='bbox 780 1458 997 1531; x_wconf 78' lang='lat' dir='ltr'>Morcunhuc</span> <span class='ocrx_word' id='word_1_41' title='bbox 1023 1459 1113 1532; x_wconf 89' lang='lat' dir='ltr'>iilius</span> <span class='ocrx_word' id='word_1_42' title='bbox 1136 1462 1297 1550; x_wconf 91' lang='lat' dir='ltr'>Riderch‚</span> 
     </span>
     <span class='ocr_line' id='line_1_7' title="bbox 166 1567 1299 1673; baseline -0.012 -20"><span class='ocrx_word' id='word_1_43' title='bbox 166 1580 282 1653; x_wconf 85' lang='lat' dir='ltr'>Seisill</span> <span class='ocrx_word' id='word_1_44' title='bbox 302 1579 396 1650; x_wconf 89' lang='lat' dir='ltr'>filius</span> <span class='ocrx_word' id='word_1_45' title='bbox 413 1567 593 1660; x_wconf 67' lang='lat' dir='ltr'>Gistle&#39;rtb</span> <span class='ocrx_word' id='word_1_46' title='bbox 611 1575 708 1646; x_wconf 85' lang='lat' dir='ltr'>Audi</span> <span class='ocrx_word' id='word_1_47' title='bbox 731 1582 768 1646; x_wconf 88' lang='lat' dir='ltr'>et</span> <span class='ocrx_word' id='word_1_48' title='bbox 785 1575 947 1648; x_wconf 82' lang='lat' dir='ltr'>Guilstun</span> <span class='ocrx_word' id='word_1_49' title='bbox 967 1577 1029 1648; x_wconf 88' lang='lat' dir='ltr'>filii</span> <span class='ocrx_word' id='word_1_50' title='bbox 1047 1577 1172 1673; x_wconf 85' lang='lat' dir='ltr'>Sigilm</span> <span class='ocrx_word' id='word_1_51' title='bbox 1193 1580 1299 1653; x_wconf 85' lang='lat' dir='ltr'>haere.</span> 
     </span>
     <span class='ocr_line' id='line_1_8' title="bbox 166 1690 1298 1786; baseline 0.002 -18"><span class='ocrx_word' id='word_1_52' title='bbox 166 1697 291 1780; x_wconf 75' lang='lat' dir='ltr'>ditoni,</span> <span class='ocrx_word' id='word_1_53' title='bbox 319 1695 470 1778; x_wconf 85' lang='lat' dir='ltr'>Branud,</span> <span class='ocrx_word' id='word_1_54' title='bbox 489 1692 596 1776; x_wconf 86' lang='lat' dir='ltr'>Guor,</span> <span class='ocrx_word' id='word_1_55' title='bbox 620 1701 657 1763; x_wconf 90' lang='lat' dir='ltr'>et</span> <span class='ocrx_word' id='word_1_56' title='bbox 679 1690 863 1784; x_wconf 80' lang='lat' dir='ltr'>Gunguor³</span> <span class='ocrx_word' id='word_1_57' title='bbox 887 1691 978 1764; x_wconf 88' lang='lat' dir='ltr'>iilius</span> <span class='ocrx_word' id='word_1_58' title='bbox 999 1694 1082 1786; x_wconf 90' lang='lat' dir='ltr'>ejus,</span> <span class='ocrx_word' id='word_1_59' title='bbox 1109 1694 1232 1768; x_wconf 84' lang='lat' dir='ltr'>Idmsb</span> <span class='ocrx_word' id='word_1_60' title='bbox 1255 1700 1298 1771; x_wconf 90' lang='lat' dir='ltr'>de</span> 
     </span>
     <span class='ocr_line' id='line_1_9' title="bbox 166 1808 1298 1904; baseline 0.002 -21"><span class='ocrx_word' id='word_1_61' title='bbox 166 1810 412 1884; x_wconf 81' lang='lat' dir='ltr'>Lenncinnfoll</span> <span class='ocrx_word' id='word_1_62' title='bbox 435 1808 637 1904; x_wconf 83' lang='lat' dir='ltr'>praepositus</span> <span class='ocrx_word' id='word_1_63' title='bbox 663 1808 835 1902; x_wconf 81' lang='lat' dir='ltr'>Episcopi,</span> <span class='ocrx_word' id='word_1_64' title='bbox 862 1808 1013 1881; x_wconf 86' lang='lat' dir='ltr'>Riderch</span> <span class='ocrx_word' id='word_1_65' title='bbox 1037 1819 1075 1882; x_wconf 85' lang='lat' dir='ltr'>et</span> <span class='ocrx_word' id='word_1_66' title='bbox 1098 1811 1212 1885; x_wconf 88' lang='lat' dir='ltr'>Seisill</span> <span class='ocrx_word' id='word_1_67' title='bbox 1236 1813 1298 1885; x_wconf 87' lang='lat' dir='ltr'>filii</span> 
     </span>
     <span class='ocr_line' id='line_1_10' title="bbox 167 1915 884 2000; baseline -0.01 0"><span class='ocrx_word' id='word_1_68' title='bbox 167 1929 271 2000; x_wconf 91' lang='lat' dir='ltr'>Enud</span> <span class='ocrx_word' id='word_1_69' title='bbox 290 1929 334 1999; x_wconf 88' lang='lat' dir='ltr'>de</span> <span class='ocrx_word' id='word_1_70' title='bbox 351 1926 451 1999; x_wconf 81' lang='lat' dir='ltr'>Lunn</span> <span class='ocrx_word' id='word_1_71' title='bbox 467 1924 609 1997; x_wconf 73' lang='lat' dir='ltr'>Moehe</span> <span class='ocrx_word' id='word_1_72' title='bbox 881 1915 884 1923; x_wconf 76' lang='grc'><strong>’</strong></span> 
     </span>
    </p>
   </div>
   <div class='ocr_carea' id='block_1_3' title="bbox 335 2191 1133 2276">
    <p class='ocr_par' dir='ltr' id='par_1_3' title="bbox 335 2191 1133 2276">
     <span class='ocr_line' id='line_1_11' title="bbox 335 2191 1133 2276; baseline 0 -12"><span class='ocrx_word' id='word_1_73' title='bbox 335 2192 452 2265; x_wconf 81' lang='lat' dir='ltr'>Cncru</span> <span class='ocrx_word' id='word_1_74' title='bbox 470 2191 704 2276; x_wconf 80' lang='lat' dir='ltr'>Pnnuronnnr,</span> <span class='ocrx_word' id='word_1_75' title='bbox 722 2212 843 2265; x_wconf 80' lang='lat' dir='ltr'>Juxrs</span> <span class='ocrx_word' id='word_1_76' title='bbox 860 2192 970 2264; x_wconf 57' lang='lat' dir='ltr'>lassu</span> <span class='ocrx_word' id='word_1_77' title='bbox 986 2192 1133 2264; x_wconf 67' lang='lat' dir='ltr'>nocue.⁴</span> 
     </span>
    </p>
   </div>
   <div class='ocr_carea' id='block_1_4' title="bbox 165 2391 1299 4466">
    <p class='ocr_par' dir='ltr' id='par_1_4' title="bbox 165 2391 1299 4466">
     <span class='ocr_line' id='line_1_12' title="bbox 216 2391 1298 2489; baseline 0.003 -24"><span class='ocrx_word' id='word_1_78' title='bbox 216 2391 560 2489; x_wconf 73' lang='lat' dir='ltr'>Riugunlinun&#39;filius</span> <span class='ocrx_word' id='word_1_79' title='bbox 576 2392 751 2464; x_wconf 78' lang='lat' dir='ltr'>Tutbulch</span> <span class='ocrx_word' id='word_1_80' title='bbox 767 2394 863 2465; x_wconf 82' lang='lat' dir='ltr'>venit</span> <span class='ocrx_word' id='word_1_81' title='bbox 881 2395 1028 2487; x_wconf 82' lang='lat' dir='ltr'>quedem</span> <span class='ocrx_word' id='word_1_82' title='bbox 1045 2394 1101 2465; x_wconf 89' lang='lat' dir='ltr'>die</span> <span class='ocrx_word' id='word_1_83' title='bbox 1116 2403 1231 2467; x_wconf 89' lang='lat' dir='ltr'>motus</span> <span class='ocrx_word' id='word_1_84' title='bbox 1247 2397 1298 2468; x_wconf 83' lang='lat' dir='ltr'>irc</span> 
     </span>
     <span class='ocr_line' id='line_1_13' title="bbox 167 2509 1298 2596; baseline 0 -13"><span class='ocrx_word' id='word_1_85' title='bbox 167 2518 204 2583; x_wconf 85' lang='lat' dir='ltr'>et</span> <span class='ocrx_word' id='word_1_86' title='bbox 225 2512 351 2594; x_wconf 80' lang='lat' dir='ltr'><strong>fusore,</strong></span> <span class='ocrx_word' id='word_1_87' title='bbox 375 2509 504 2580; x_wconf 83' lang='lat' dir='ltr'>comite</span> <span class='ocrx_word' id='word_1_88' title='bbox 527 2509 591 2580; x_wconf 83' lang='lat' dir='ltr'>sibi</span> <span class='ocrx_word' id='word_1_89' title='bbox 614 2532 677 2580; x_wconf 75' lang='lat' dir='ltr'>sire</span> <span class='ocrx_word' id='word_1_90' title='bbox 692 2510 831 2594; x_wconf 78' lang='lat' dir='ltr'>familia,</span> <span class='ocrx_word' id='word_1_91' title='bbox 849 2511 894 2580; x_wconf 82' lang='lat' dir='ltr'>ed</span> <span class='ocrx_word' id='word_1_92' title='bbox 910 2511 1010 2581; x_wconf 84' lang='lat' dir='ltr'>Lann</span> <span class='ocrx_word' id='word_1_93' title='bbox 1027 2510 1168 2596; x_wconf 61' lang='lat' dir='ltr'>Moches,</span> <span class='ocrx_word' id='word_1_94' title='bbox 1186 2521 1223 2582; x_wconf 87' lang='lat' dir='ltr'>et</span> <span class='ocrx_word' id='word_1_95' title='bbox 1239 2514 1298 2583; x_wconf 91' lang='lat' dir='ltr'>de-</span> 
     </span>
     <span class='ocr_line' id='line_1_14' title="bbox 166 2623 1296 2720; baseline -0.002 -21"><span class='ocrx_word' id='word_1_96' title='bbox 166 2628 337 2720; x_wconf 83' lang='lat' dir='ltr'>praedstus</span> <span class='ocrx_word' id='word_1_97' title='bbox 350 2633 405 2697; x_wconf 83' lang='lat' dir='ltr'>est</span> <span class='ocrx_word' id='word_1_98' title='bbox 414 2625 582 2720; x_wconf 92' lang='lat' dir='ltr'>populum</span> <span class='ocrx_word' id='word_1_99' title='bbox 594 2624 686 2696; x_wconf 88' lang='lat' dir='ltr'>iilius</span> <span class='ocrx_word' id='word_1_100' title='bbox 699 2623 864 2710; x_wconf 82' lang='lat' dir='ltr'>ecclesiae3</span> <span class='ocrx_word' id='word_1_101' title='bbox 881 2635 918 2696; x_wconf 92' lang='lat' dir='ltr'>et</span> <span class='ocrx_word' id='word_1_102' title='bbox 931 2627 1135 2720; x_wconf 83' lang='lat' dir='ltr'>cumpraeds</span> <span class='ocrx_word' id='word_1_103' title='bbox 1146 2629 1296 2713; x_wconf 87' lang='lat' dir='ltr'>veniens,</span> 
     </span>
     <span class='ocr_line' id='line_1_15' title="bbox 167 2741 1298 2838; baseline 0.001 -24"><span class='ocrx_word' id='word_1_104' title='bbox 167 2742 391 2838; x_wconf 89' lang='lat' dir='ltr'>sequentibus</span> <span class='ocrx_word' id='word_1_105' title='bbox 407 2765 488 2813; x_wconf 88' lang='lat' dir='ltr'>eum</span> <span class='ocrx_word' id='word_1_106' title='bbox 508 2741 661 2833; x_wconf 88' lang='lat' dir='ltr'>reliquiis</span> <span class='ocrx_word' id='word_1_107' title='bbox 678 2741 838 2825; x_wconf 86' lang='lat' dir='ltr'>ecclesiae,</span> <span class='ocrx_word' id='word_1_108' title='bbox 857 2766 937 2813; x_wconf 92' lang='lat' dir='ltr'>cum</span> <span class='ocrx_word' id='word_1_109' title='bbox 953 2741 1102 2814; x_wconf 77' lang='lat' dir='ltr'>clamore</span> <span class='ocrx_word' id='word_1_110' title='bbox 1117 2765 1244 2838; x_wconf 82' lang='lat' dir='ltr'>magno</span> <span class='ocrx_word' id='word_1_111' title='bbox 1261 2753 1298 2815; x_wconf 88' lang='lat' dir='ltr'>et</span> 
     </span>
     <span class='ocr_line' id='line_1_16' title="bbox 166 2853 1298 2956; baseline 0.002 -26"><span class='ocrx_word' id='word_1_112' title='bbox 166 2862 310 2956; x_wconf 82' lang='lat' dir='ltr'>gemitu,</span> <span class='ocrx_word' id='word_1_113' title='bbox 328 2860 455 2930; x_wconf 88' lang='lat' dir='ltr'>cecidit</span> <span class='ocrx_word' id='word_1_114' title='bbox 476 2860 513 2929; x_wconf 91' lang='lat' dir='ltr'>in</span> <span class='ocrx_word' id='word_1_115' title='bbox 534 2857 758 2942; x_wconf 68' lang='lat' dir='ltr'>fontem&#39;ois</span> <span class='ocrx_word' id='word_1_116' title='bbox 777 2858 989 2953; x_wconf 83' lang='lat' dir='ltr'>stupefactus</span> <span class='ocrx_word' id='word_1_117' title='bbox 1006 2861 1161 2944; x_wconf 92' lang='lat' dir='ltr'>nimium,</span> <span class='ocrx_word' id='word_1_118' title='bbox 1172 2853 1298 2932; x_wconf 68' lang='lat' dir='ltr'>¹videns</span> 
     </span>
     <span class='ocr_line' id='line_1_17' title="bbox 165 2972 1297 3070; baseline 0.001 -22"><span class='ocrx_word' id='word_1_119' title='bbox 165 2979 297 3070; x_wconf 87' lang='lat' dir='ltr'>piscem</span> <span class='ocrx_word' id='word_1_120' title='bbox 314 2972 496 3070; x_wconf 81' lang='lat' dir='ltr'>grnudem⁵</span> <span class='ocrx_word' id='word_1_121' title='bbox 508 2976 546 3045; x_wconf 93' lang='lat' dir='ltr'>in</span> <span class='ocrx_word' id='word_1_122' title='bbox 555 2975 661 3059; x_wconf 89' lang='lat' dir='ltr'>fonte,</span> <span class='ocrx_word' id='word_1_123' title='bbox 674 2997 737 3068; x_wconf 91' lang='lat' dir='ltr'>pro</span> <span class='ocrx_word' id='word_1_124' title='bbox 750 2999 818 3068; x_wconf 94' lang='lat' dir='ltr'>quo</span> <span class='ocrx_word' id='word_1_125' title='bbox 831 2999 939 3068; x_wconf 92' lang='lat' dir='ltr'>equus</span> <span class='ocrx_word' id='word_1_126' title='bbox 955 2976 1048 3048; x_wconf 91' lang='lat' dir='ltr'>illius</span> <span class='ocrx_word' id='word_1_127' title='bbox 1065 2977 1187 3061; x_wconf 81' lang='lat' dir='ltr'>salivit,</span> <span class='ocrx_word' id='word_1_128' title='bbox 1204 2980 1297 3049; x_wconf 90' lang='lat' dir='ltr'>unde</span> 
     </span>
     <span class='ocr_line' id='line_1_18' title="bbox 166 3092 1297 3186; baseline 0.001 -22"><span class='ocrx_word' id='word_1_129' title='bbox 166 3094 416 3186; x_wconf 86' lang='lat' dir='ltr'>projectus&#39;est</span> <span class='ocrx_word' id='word_1_130' title='bbox 438 3114 548 3162; x_wconf 79' lang='lat' dir='ltr'>sessor</span> <span class='ocrx_word' id='word_1_131' title='bbox 569 3092 613 3162; x_wconf 90' lang='lat' dir='ltr'>de</span> <span class='ocrx_word' id='word_1_132' title='bbox 636 3114 724 3184; x_wconf 87' lang='lat' dir='ltr'>equo</span> <span class='ocrx_word' id='word_1_133' title='bbox 745 3092 790 3162; x_wconf 85' lang='lat' dir='ltr'>ad</span> <span class='ocrx_word' id='word_1_134' title='bbox 810 3099 953 3176; x_wconf 84' lang='lat' dir='ltr'>terrem;</span> <span class='ocrx_word' id='word_1_135' title='bbox 979 3093 1141 3164; x_wconf 75' lang='lat' dir='ltr'>et&#39;fiucto</span> <span class='ocrx_word' id='word_1_136' title='bbox 1158 3094 1297 3165; x_wconf 83' lang='lat' dir='ltr'>brechio</span> 
     </span>
     <span class='ocr_line' id='line_1_19' title="bbox 167 3207 1297 3300; baseline -0.004 -18"><span class='ocrx_word' id='word_1_137' title='bbox 167 3232 239 3293; x_wconf 87' lang='lat' dir='ltr'>suo,</span> <span class='ocrx_word' id='word_1_138' title='bbox 256 3209 451 3280; x_wconf 82' lang='lat' dir='ltr'>semivivus</span> <span class='ocrx_word' id='word_1_139' title='bbox 475 3209 655 3279; x_wconf 79' lang='lat' dir='ltr'>advocavit</span> <span class='ocrx_word' id='word_1_140' title='bbox 684 3207 860 3292; x_wconf 79' lang='lat' dir='ltr'>familiam,</span> <span class='ocrx_word' id='word_1_141' title='bbox 889 3217 927 3278; x_wconf 89' lang='lat' dir='ltr'>et</span> <span class='ocrx_word' id='word_1_142' title='bbox 952 3211 1105 3300; x_wconf 83' lang='lat' dir='ltr'>quietam</span> <span class='ocrx_word' id='word_1_143' title='bbox 1134 3209 1297 3280; x_wconf 76' lang='lat' dir='ltr'>clamavit</span> 
     </span>
     <span class='ocr_line' id='line_1_20' title="bbox 167 3323 1296 3419; baseline -0.002 -23"><span class='ocrx_word' id='word_1_144' title='bbox 167 3326 327 3419; x_wconf 83' lang='lat' dir='ltr'>praedcm.</span> <span class='ocrx_word' id='word_1_145' title='bbox 387 3324 436 3394; x_wconf 92' lang='lat' dir='ltr'>Et</span> <span class='ocrx_word' id='word_1_146' title='bbox 461 3325 498 3395; x_wconf 93' lang='lat' dir='ltr'>in</span> <span class='ocrx_word' id='word_1_147' title='bbox 524 3324 585 3396; x_wconf 92' lang='lat' dir='ltr'>illo</span> <span class='ocrx_word' id='word_1_148' title='bbox 609 3323 686 3395; x_wconf 87' lang='lat' dir='ltr'>loco</span> <span class='ocrx_word' id='word_1_149' title='bbox 711 3324 854 3418; x_wconf 80' lang='lat' dir='ltr'>largitus</span> <span class='ocrx_word' id='word_1_150' title='bbox 879 3333 932 3396; x_wconf 88' lang='lat' dir='ltr'>est</span> <span class='ocrx_word' id='word_1_151' title='bbox 958 3324 1094 3395; x_wconf 80' lang='lat' dir='ltr'>Sanctis</span> <span class='ocrx_word' id='word_1_152' title='bbox 1120 3323 1296 3407; x_wconf 92' lang='lat' dir='ltr'>Dubricio,</span> 
     </span>
     <span class='ocr_line' id='line_1_21' title="bbox 167 3439 1297 3534; baseline -0.003 -21"><span class='ocrx_word' id='word_1_153' title='bbox 167 3442 320 3524; x_wconf 82' lang='lat' dir='ltr'>Teiiauo,</span> <span class='ocrx_word' id='word_1_154' title='bbox 347 3449 384 3510; x_wconf 88' lang='lat' dir='ltr'>et</span> <span class='ocrx_word' id='word_1_155' title='bbox 409 3439 584 3524; x_wconf 90' lang='lat' dir='ltr'>Oudoceo,</span> <span class='ocrx_word' id='word_1_156' title='bbox 611 3449 648 3512; x_wconf 86' lang='lat' dir='ltr'>et</span> <span class='ocrx_word' id='word_1_157' title='bbox 672 3439 843 3533; x_wconf 80' lang='lat' dir='ltr'>Joseph0⁸</span> <span class='ocrx_word' id='word_1_158' title='bbox 870 3439 1052 3534; x_wconf 84' lang='lat' dir='ltr'>Episcopo,</span> <span class='ocrx_word' id='word_1_159' title='bbox 1078 3447 1115 3511; x_wconf 87' lang='lat' dir='ltr'>et</span> <span class='ocrx_word' id='word_1_160' title='bbox 1139 3440 1297 3510; x_wconf 89' lang='lat' dir='ltr'>omnibus</span> 
     </span>
     <span class='ocr_line' id='line_1_22' title="bbox 168 3555 1298 3652; baseline -0.005 -22"><span class='ocrx_word' id='word_1_161' title='bbox 168 3559 336 3652; x_wconf 86' lang='lat' dir='ltr'>episcopis</span> <span class='ocrx_word' id='word_1_162' title='bbox 349 3556 543 3640; x_wconf 82' lang='lat' dir='ltr'>Lunduviae,</span> <span class='ocrx_word' id='word_1_163' title='bbox 556 3565 685 3630; x_wconf 85' lang='lat' dir='ltr'>terrum</span> <span class='ocrx_word' id='word_1_164' title='bbox 701 3580 799 3628; x_wconf 83' lang='lat' dir='ltr'>suam</span> <span class='ocrx_word' id='word_1_165' title='bbox 814 3557 1066 3628; x_wconf 83' lang='lat' dir='ltr'>haereditsriam</span> <span class='ocrx_word' id='word_1_166' title='bbox 1083 3555 1190 3626; x_wconf 86' lang='lat' dir='ltr'>Cecin</span> <span class='ocrx_word' id='word_1_167' title='bbox 1205 3578 1298 3647; x_wconf 88' lang='lat' dir='ltr'>penu</span> 
     </span>
     <span class='ocr_line' id='line_1_23' title="bbox 167 3669 1297 3769; baseline -0.003 -26"><span class='ocrx_word' id='word_1_168' title='bbox 167 3673 293 3769; x_wconf 87' lang='lat' dir='ltr'>iogelli,</span> <span class='ocrx_word' id='word_1_169' title='bbox 317 3673 391 3744; x_wconf 92' lang='lat' dir='ltr'>sine</span> <span class='ocrx_word' id='word_1_170' title='bbox 415 3672 488 3744; x_wconf 89' lang='lat' dir='ltr'>uilo</span> <span class='ocrx_word' id='word_1_171' title='bbox 515 3696 620 3744; x_wconf 87' lang='lat' dir='ltr'>censu</span> <span class='ocrx_word' id='word_1_172' title='bbox 647 3674 715 3744; x_wconf 88' lang='lat' dir='ltr'>ulli</span> <span class='ocrx_word' id='word_1_173' title='bbox 734 3673 866 3744; x_wconf 91' lang='lat' dir='ltr'>homini</span> <span class='ocrx_word' id='word_1_174' title='bbox 889 3681 1035 3755; x_wconf 85' lang='lat' dir='ltr'>terreno,</span> <span class='ocrx_word' id='word_1_175' title='bbox 1058 3671 1123 3741; x_wconf 93' lang='lat' dir='ltr'>nisi</span> <span class='ocrx_word' id='word_1_176' title='bbox 1146 3669 1297 3741; x_wconf 86' lang='lat' dir='ltr'>ccclesiae</span> 
     </span>
     <span class='ocr_line' id='line_1_24' title="bbox 169 3785 1296 3886; baseline -0.005 -24"><span class='ocrx_word' id='word_1_177' title='bbox 169 3790 363 3872; x_wconf 81' lang='lat' dir='ltr'>Laudaviae,</span> <span class='ocrx_word' id='word_1_178' title='bbox 380 3797 418 3861; x_wconf 87' lang='lat' dir='ltr'>et</span> <span class='ocrx_word' id='word_1_179' title='bbox 433 3790 627 3883; x_wconf 80' lang='lat' dir='ltr'>pastoribus</span> <span class='ocrx_word' id='word_1_180' title='bbox 643 3791 717 3883; x_wconf 89' lang='lat' dir='ltr'>ejus</span> <span class='ocrx_word' id='word_1_181' title='bbox 733 3791 770 3860; x_wconf 92' lang='lat' dir='ltr'>in</span> <span class='ocrx_word' id='word_1_182' title='bbox 785 3798 963 3886; x_wconf 91' lang='lat' dir='ltr'>perpetuo.</span> <span class='ocrx_word' id='word_1_183' title='bbox 1015 3787 1109 3858; x_wconf 87' lang='lat' dir='ltr'>Finis</span> <span class='ocrx_word' id='word_1_184' title='bbox 1125 3785 1217 3858; x_wconf 88' lang='lat' dir='ltr'>iilius</span> <span class='ocrx_word' id='word_1_185' title='bbox 1234 3793 1296 3870; x_wconf 91' lang='lat' dir='ltr'>est,</span> 
     </span>
     <span class='ocr_line' id='line_1_25' title="bbox 168 3903 1296 4002; baseline -0.004 -26"><span class='ocrx_word' id='word_1_186' title='bbox 168 3905 270 3977; x_wconf 80' lang='lat' dir='ltr'>Licet</span> <span class='ocrx_word' id='word_1_187' title='bbox 291 3907 433 3976; x_wconf 86' lang='lat' dir='ltr'>finnaun</span> <span class='ocrx_word' id='word_1_188' title='bbox 455 3906 506 3977; x_wconf 89' lang='lat' dir='ltr'>oir</span> <span class='ocrx_word' id='word_1_189' title='bbox 528 3907 715 4002; x_wconf 83' lang='lat' dir='ltr'>dirguoiret</span> <span class='ocrx_word' id='word_1_190' title='bbox 737 3931 775 3978; x_wconf 84' lang='lat' dir='ltr'>ar</span> <span class='ocrx_word' id='word_1_191' title='bbox 793 3908 847 3977; x_wconf 88' lang='lat' dir='ltr'>hit</span> <span class='ocrx_word' id='word_1_192' title='bbox 864 3909 876 3977; x_wconf 93' lang='lat' dir='ltr'>i</span> <span class='ocrx_word' id='word_1_193' title='bbox 891 3930 1001 4000; x_wconf 82' lang='lat' dir='ltr'>gouer</span> <span class='ocrx_word' id='word_1_194' title='bbox 1020 3906 1081 3976; x_wconf 85' lang='lat' dir='ltr'>bet</span> <span class='ocrx_word' id='word_1_195' title='bbox 1100 3905 1113 3973; x_wconf 94' lang='lat' dir='ltr'>i</span> <span class='ocrx_word' id='word_1_196' title='bbox 1135 3903 1296 3997; x_wconf 85' lang='lat' dir='ltr'>pridpuli,</span> 
     </span>
     <span class='ocr_line' id='line_1_26' title="bbox 169 4021 1297 4118; baseline -0.002 -27"><span class='ocrx_word' id='word_1_197' title='bbox 169 4021 338 4116; x_wconf 81' lang='lat' dir='ltr'>digusiret</span> <span class='ocrx_word' id='word_1_198' title='bbox 354 4021 504 4116; x_wconf 84' lang='lat' dir='ltr'>digenou</span> <span class='ocrx_word' id='word_1_199' title='bbox 519 4023 549 4091; x_wconf 93' lang='lat' dir='ltr'>ir</span> <span class='ocrx_word' id='word_1_200' title='bbox 565 4031 650 4115; x_wconf 81' lang='lat' dir='ltr'>pant</span> <span class='ocrx_word' id='word_1_201' title='bbox 666 4025 678 4092; x_wconf 95' lang='lat' dir='ltr'>i</span> <span class='ocrx_word' id='word_1_202' title='bbox 694 4024 796 4116; x_wconf 81' lang='lat' dir='ltr'>parth</span> <span class='ocrx_word' id='word_1_203' title='bbox 812 4023 968 4118; x_wconf 83' lang='lat' dir='ltr'>guocled,</span> <span class='ocrx_word' id='word_1_204' title='bbox 979 4045 1018 4093; x_wconf 85' lang='lat' dir='ltr'>ur</span> <span class='ocrx_word' id='word_1_205' title='bbox 1038 4021 1091 4091; x_wconf 90' lang='lat' dir='ltr'>bit</span> <span class='ocrx_word' id='word_1_206' title='bbox 1105 4022 1229 4114; x_wconf 85' lang='lat' dir='ltr'>irpent</span> <span class='ocrx_word' id='word_1_207' title='bbox 1246 4021 1297 4090; x_wconf 93' lang='lat' dir='ltr'>di·</span> 
     </span>
     <span class='ocr_line' id='line_1_27' title="bbox 167 4135 1299 4235; baseline -0.002 -27"><span class='ocrx_word' id='word_1_208' title='bbox 167 4139 263 4209; x_wconf 83' lang='lat' dir='ltr'>ninid</span> <span class='ocrx_word' id='word_1_209' title='bbox 276 4139 330 4208; x_wconf 90' lang='lat' dir='ltr'>dir</span> <span class='ocrx_word' id='word_1_210' title='bbox 347 4137 422 4230; x_wconf 80' lang='lat' dir='ltr'>ford</span> <span class='ocrx_word' id='word_1_211' title='bbox 437 4161 546 4222; x_wconf 84' lang='lat' dir='ltr'>maur,</span> <span class='ocrx_word' id='word_1_212' title='bbox 559 4162 597 4209; x_wconf 84' lang='lat' dir='ltr'>cr</span> <span class='ocrx_word' id='word_1_213' title='bbox 612 4140 666 4210; x_wconf 91' lang='lat' dir='ltr'>hit</span> <span class='ocrx_word' id='word_1_214' title='bbox 682 4140 712 4210; x_wconf 88' lang='lat' dir='ltr'>ir</span> <span class='ocrx_word' id='word_1_215' title='bbox 724 4140 800 4210; x_wconf 90' lang='lat' dir='ltr'>ford</span> <span class='ocrx_word' id='word_1_216' title='bbox 815 4149 892 4233; x_wconf 83' lang='lat' dir='ltr'>part</span> <span class='ocrx_word' id='word_1_217' title='bbox 908 4135 1063 4235; x_wconf 83' lang='lat' dir='ltr'>guileum</span> <span class='ocrx_word' id='word_1_218' title='bbox 1079 4138 1141 4209; x_wconf 84' lang='lat' dir='ltr'>bet</span> <span class='ocrx_word' id='word_1_219' title='bbox 1156 4139 1299 4208; x_wconf 85' lang='lat' dir='ltr'>finneun</span> 
     </span>
     <span class='ocr_line' id='line_1_28' title="bbox 170 4253 1297 4348; baseline -0.002 -23"><span class='ocrx_word' id='word_1_220' title='bbox 170 4255 227 4340; x_wconf 88' lang='lat' dir='ltr'>oir,</span> <span class='ocrx_word' id='word_1_221' title='bbox 250 4255 312 4326; x_wconf 92' lang='lat' dir='ltr'>ubi</span> <span class='ocrx_word' id='word_1_222' title='bbox 334 4255 473 4348; x_wconf 89' lang='lat' dir='ltr'>incepit.</span> <span class='ocrx_word' id='word_1_223' title='bbox 525 4254 581 4326; x_wconf 88' lang='lat' dir='ltr'>De</span> <span class='ocrx_word' id='word_1_224' title='bbox 598 4255 749 4340; x_wconf 88' lang='lat' dir='ltr'>Clericis,</span> <span class='ocrx_word' id='word_1_225' title='bbox 773 4263 880 4328; x_wconf 84' lang='lat' dir='ltr'>testes</span> <span class='ocrx_word' id='word_1_226' title='bbox 902 4264 983 4328; x_wconf 91' lang='lat' dir='ltr'>sunt</span> <span class='ocrx_word' id='word_1_227' title='bbox 1005 4254 1136 4348; x_wconf 85' lang='lat' dir='ltr'>Joseph</span> <span class='ocrx_word' id='word_1_228' title='bbox 1156 4253 1297 4347; x_wconf 89' lang='lat' dir='ltr'>Episco-</span> 
     </span>
     <span class='ocr_line' id='line_1_29' title="bbox 169 4369 1297 4466; baseline -0.002 -24"><span class='ocrx_word' id='word_1_229' title='bbox 169 4394 241 4463; x_wconf 86' lang='lat' dir='ltr'>pus,</span> <span class='ocrx_word' id='word_1_230' title='bbox 260 4371 355 4442; x_wconf 88' lang='lat' dir='ltr'>Ruid</span> <span class='ocrx_word' id='word_1_231' title='bbox 371 4373 565 4466; x_wconf 70' lang='lat' dir='ltr'>presbyter,</span> <span class='ocrx_word' id='word_1_232' title='bbox 580 4372 805 4457; x_wconf 82' lang='lat' dir='ltr'>Cimeilliauc,</span> <span class='ocrx_word' id='word_1_233' title='bbox 823 4372 977 4445; x_wconf 84' lang='lat' dir='ltr'>canonici</span> <span class='ocrx_word' id='word_1_234' title='bbox 995 4370 1188 4454; x_wconf 78' lang='lat' dir='ltr'>Laudarier,</span> <span class='ocrx_word' id='word_1_235' title='bbox 1207 4369 1297 4441; x_wconf 89' lang='lat' dir='ltr'>Elcu</span> 
     </span>
    </p>
   </div>
   <div class='ocr_carea' id='block_1_5' title="bbox 205 4695 1296 4768">
    <p class='ocr_par' dir='ltr' id='par_1_5' title="bbox 205 4695 1296 4768">
     <span class='ocr_line' id='line_1_30' title="bbox 205 4695 1296 4768; baseline -0.003 -16"><span class='ocrx_word' id='word_1_236' title='bbox 205 4696 358 4752; x_wconf 74' lang='lat' dir='ltr'>¹Dirirdm.</span> <span class='ocrx_word' id='word_1_237' title='bbox 374 4697 407 4752; x_wconf 88' lang='lat'>0.</span> <span class='ocrx_word' id='word_1_238' title='bbox 442 4697 507 4753; x_wconf 65' lang='lat' dir='ltr'>&#39;Sic</span> <span class='ocrx_word' id='word_1_239' title='bbox 519 4697 552 4752; x_wconf 90' lang='grc' dir='ltr'>Ο.</span> <span class='ocrx_word' id='word_1_240' title='bbox 562 4701 706 4766; x_wconf 71' lang='lat' dir='ltr'>presbiter.</span> <span class='ocrx_word' id='word_1_241' title='bbox 718 4697 755 4753; x_wconf 91' lang='lat' dir='ltr'>H.</span> <span class='ocrx_word' id='word_1_242' title='bbox 791 4696 983 4768; x_wconf 75' lang='lat' dir='ltr'>³Guo9cr.0.</span> <span class='ocrx_word' id='word_1_243' title='bbox 1018 4696 1122 4752; x_wconf 63' lang='lat' dir='ltr'>*Juxta</span> <span class='ocrx_word' id='word_1_244' title='bbox 1133 4695 1296 4750; x_wconf 59' lang='lat' dir='ltr'>annucio</span> 
     </span>
    </p>
   </div>
   <div class='ocr_carea' id='block_1_6' title="bbox 29 4782 789 4855">
    <p class='ocr_par' dir='ltr' id='par_1_6' title="bbox 29 4782 789 4855">
     <span class='ocr_line' id='line_1_31' title="bbox 29 4782 789 4855; baseline 0.005 -19"><span class='ocrx_word' id='word_1_245' title='bbox 29 4829 30 4836; x_wconf 72' lang='grc'>,</span> <span class='ocrx_word' id='word_1_246' title='bbox 172 4782 327 4840; x_wconf 76' lang='lat' dir='ltr'>desento.</span> <span class='ocrx_word' id='word_1_247' title='bbox 362 4785 520 4853; x_wconf 57' lang='lat' dir='ltr'>Mopsum.</span> <span class='ocrx_word' id='word_1_248' title='bbox 539 4785 575 4842; x_wconf 92' lang='lat'>0.</span> <span class='ocrx_word' id='word_1_249' title='bbox 610 4785 729 4855; x_wconf 75' lang='lat' dir='ltr'>⁶Joeepb.</span> <span class='ocrx_word' id='word_1_250' title='bbox 753 4786 789 4841; x_wconf 91' lang='grc' dir='ltr'>Ο.</span> 
     </span>
    </p>
   </div>
   <div class='ocr_carea' id='block_1_7' title="bbox 0 0 1676 5810">
    <p class='ocr_par' dir='ltr' id='par_1_7' title="bbox 0 0 1676 5810">
     <span class='ocr_line' id='line_1_32' title="bbox 0 0 1676 5810; baseline 0 0"><span class='ocrx_word' id='word_1_251' title='bbox 0 0 1676 5810; x_wconf 95' lang='lat' dir='ltr'> </span> 
     </span>
    </p>
   </div>
  </div>
 </body>
</html>
