3318 5804
389 801 459 873 188
758 817 866 870 mana
891 815 1148 870 manamnsrs.
1198 845 1201 852 -

384 985 626 1061 emendatione
650 985 730 1056 vitae
754 1005 824 1056 suae
847 983 996 1066 inantea,
1022 985 1059 1052 in
1077 983 1211 1076 jejunio
1236 992 1274 1055 et
1298 984 1455 1056 oratione
1478 993 1518 1056 ct

382 1104 609 1198 eleemosyna,
633 1108 832 1196 segregatus
854 1107 907 1171 est
929 1100 974 1171 ab
989 1099 1117 1172 infesta
1138 1101 1382 1194 conjunctione
1399 1124 1515 1172 coram

383 1220 477 1293 omni
498 1219 635 1314 populo,
652 1217 772 1290 laudes
789 1216 877 1299 Deo,
891 1223 927 1287 et
939 1217 1067 1310 gratias
1079 1215 1246 1289 referens¹
1263 1219 1308 1288 de
1323 1226 1400 1290 tam
1415 1225 1515 1312 grata

380 1336 639 1408 deliberatione.
690 1332 739 1404 Et
752 1333 845 1426 quod
860 1328 954 1427 prius
970 1333 1101 1405 fecerat
1116 1357 1179 1427 per
1189 1333 1322 1429 legatos
1339 1357 1429 1417 suos,
1446 1333 1514 1405 hoc

381 1455 476 1526 idem
492 1475 594 1526 sanus
611 1451 695 1524 fecit
710 1473 773 1544 per
788 1451 1027 1544 semetipsum3
1052 1452 1165 1522 missis
1186 1451 1345 1523 manibus
1366 1451 1514 1544 propriis

381 1593 484 1665 super
509 1569 619 1641 altare
643 1566 812 1662 martyris,
840 1573 878 1638 et
905 1567 1149 1652 confirmando,
1179 1569 1382 1662 antepositis
1408 1569 1513 1640 sacris

380 1686 577 1782 evangeliis,
595 1691 633 1758 et
649 1685 754 1756 verbo
770 1707 892 1779 regum
914 1681 1157 1780 Morganhuc,²
1173 1693 1212 1757 et
1227 1684 1369 1756 consilio
1385 1685 1515 1778 princi-

379 1827 474 1900 pum,
492 1805 565 1875 sine
581 1802 697 1895 aliqua
713 1801 894 1886 calumnia,
917 1801 1067 1873 liberum
1090 1801 1228 1873 Sanctis
1250 1800 1427 1884 Dubricio‚
1446 1801 1514 1872 Te-

379 1923 482 2004 liau0,
499 1927 536 1990 et
552 1917 728 2001 Oudoceo,
752 1926 790 1989 et
811 1919 953 2012 martyri
976 1917 1145 2001 Clitauco,
1169 1926 1207 1990 et
1228 1919 1385 1990 omnibus
1407 1915 1515 2009 Epis-

379 2037 481 2129 copis
491 2033 676 2106 Landaviae
692 2035 923 2128 inperpetuo.
975 2032 1055 2104 Filii
1072 2033 1293 2107 Oinbleidiou
1308 2032 1513 2105 immolave-

376 2160 460 2224 rrmt
489 2149 653 2222 Loohluit
681 2151 823 2245 martyli
853 2148 1036 2234 Clitauco,8
1064 2158 1103 2222 et
1131 2150 1284 2223 ecclesiae
1313 2148 1512 2221 Laudaviae.

378 2267 475 2339 Finis
502 2266 645 2340 Lechou
674 2266 775 2338 lition
802 2264 944 2362 Mingui
965 2289 1011 2338 ex
1032 2290 1103 2338 una
1123 2275 1232 2360 parte,
1255 2277 1292 2339 et
1314 2267 1403 2338 inira
1425 2267 1514 2338 duos

376 2383 515 2456 rivulos.
567 2382 663 2454 Finis
686 2382 820 2456 Lennic
842 2382 932 2454 infra
953 2380 1095 2478 Mingui
1117 2391 1155 2455 et
1177 2383 1319 2478 Mingni
1341 2383 1404 2454 bet
1420 2385 1515 2454 ouci-

377 2523 454 2574 mer
469 2499 548 2572 lech
564 2501 700 2573 ensuris
716 2523 762 2571 ex
778 2497 846 2572 alia
860 2505 960 2591 parte
977 2521 1095 2574 versus
1111 2500 1346 2594 aquilonarem
1361 2500 1512 2596 plagam

709 2825 893 2898 (naman
916 2827 1180 2902 anscerus)

807 3001 929 3074 anr
946 3001 1083 3076 Encorr.

425 3198 530 3272 Erbic
539 3199 631 3273 filius
641 3201 736 3274 Elfin
745 3225 808 3296 pro
818 3205 1004 3299 scriptione
1014 3203 1164 3276 nominis
1172 3205 1224 3276 sui
1240 3205 1279 3274 in
1291 3204 1398 3278 Libro
1411 3205 1509 3280 Vitae

374 3317 519 3413 largitus
548 3327 603 3390 est
630 3318 685 3390 in⁴
711 3320 938 3416 eleemosyna,
969 3320 1058 3405 Deo,
1088 3328 1125 3392 et
1149 3320 1256 3393 Petro
1280 3323 1446 3416 apostolo,
1472 3335 1512 3396 et

375 3433 513 3508 Sanctis
538 3435 715 3522 Dubrioio,
740 3436 893 3522 Telmun,
920 3445 958 3510 et
982 3435 1158 3522 Oudoceo,
1184 3440 1283 3510 etin
1306 3461 1412 3512 mann
1436 3441 1512 3512 mi-

372 3553 475 3624 chani
500 3549 663 3648 Episcopi
689 3552 884 3637 Laudaviae,
910 3562 947 3625 et
973 3554 1132 3626 omnibns
1155 3556 1350 3648 pastoribus
1375 3559 1446 3630 suis
1470 3561 1507 3630 in

372 3678 552 3764 perpetuo,
565 3672 685 3743 villam
703 3669 815 3744 Eleon
830 3693 935 3764 snper
950 3669 1122 3756 Dubleis,⁵
1138 3695 1219 3744 oum
1235 3696 1298 3746 sua
1313 3683 1390 3747 tota
1405 3677 1509 3750 liber-

374 3792 460 3869 tate,
484 3787 558 3859 sine
573 3788 646 3860 ullo
663 3812 777 3874 censu,
800 3811 927 3882 magno
949 3787 1007 3859 vel
1028 3789 1175 3874 modico,
1198 3789 1263 3862 ulli
1283 3791 1417 3864 homini
1442 3801 1510 3865 ter·

374 3923 469 3985 reno,
498 3902 565 3976 nisi
589 3907 743 3978 ecclesiae
768 3905 963 3988 Landaviaa
989 3905 1025 3975 in
1050 3915 1219 4000 perpetua
1243 3911 1507 3980 consecratione.

375 4013 433 4086 Dc
456 4015 608 4103 clericis,
635 4029 743 4094 testes
768 4030 849 4093 sunt
878 4021 1068 4094 Triohanus
1090 4023 1292 4118 Episcopus,
1321 4025 1509 4120 Oetguaret

369 4133 570 4226 presbyter,
593 4135 734 4220 Oonfur,
760 4137 954 4223 Gurhaual;
981 4139 1024 4210 de
1046 4139 1152 4226 laicis,
1177 4139 1283 4214 Erbic
1299 4141 1388 4212 lilius
1403 4139 1510 4226 Elfin,

373 4246 534 4345 (longios,
566 4249 747 4325 Marohan.
811 4254 1037 4349 Quicunque⁶
1065 4257 1278 4344 custodierit,
1308 4258 1511 4332 benedictus

406 4661 578 4729 moerentes.
603 4663 638 4720 0.
674 4663 859 4725 ’Marmarica
884 4669 920 4725 0.
956 4669 1021 4726 ³Sic
1040 4670 1075 4728 0.
1096 4671 1225 4727 Olidouco.
1240 4671 1278 4726 H.
1313 4673 1370 4728 ⁴Ia
1381 4671 1464 4730 deest.
1477 4672 1515 4729 Ο.

370 4749 495 4802 anaim.
516 4749 552 4804 ο.
587 4749 668 4818 tour.
688 4750 724 4806 0.
