3318 5804
499 818 607 870 33333
631 818 890 871 3333333333.
1191 804 1260 875 185

127 991 251 1065 essent,
264 985 451 1055 tendentes
463 985 507 1055 ad
523 985 737 1078 propositum
750 985 827 1066 iter,
842 984 931 1056 dixit
943 1009 1032 1057 uuus
1044 987 1088 1057 ud
1101 988 1259 1072 alterum,

129 1099 350 1194 “Pergamus
375 1100 420 1170 ad
446 1099 560 1170 locum
585 1102 691 1170 istum
716 1101 875 1194 martyris
905 1102 1083 1197 (videlicet
1108 1103 1260 1196 0111333)

129 1225 198 1286 “et
219 1217 264 1290 ed
287 1216 509 1310 sepulchrum
531 1217 633 1298 illius,
655 1217 854 1287 abbreviato
871 1218 995 1289 itinere
1011 1227 1138 1303 nostro,
1157 1227 1193 1291 et
1209 1244 1263 1292 re-

130 1342 151 1371 “
161 1341 322 1403 manente
338 1333 526 1424 proposito,
540 1342 577 1403 et
594 1355 696 1426 super
712 1333 804 1402 illius
817 1334 992 1404 tumulum
1005 1338 1261 1419 concordemur,

129 1445 1262 1545 “etoonfirmemusfirmam¹pacemamodointernosperpetuem.”

129 1563 175 1633 Et
188 1565 395 1635 confirmato
408 1564 547 1647 foedere,
561 1587 651 1635 unus
663 1567 700 1634 in
712 1566 836 1647 reditu,
849 1573 952 1657 rupta
967 1589 1062 1659 pace,
1079 1577 1117 1638 et
1133 1569 1262 1640 violato

129 1680 264 1766 federe,
274 1681 404 1752 occidit
421 1680 570 1751 alterum
583 1681 713 1764 fraude,
731 1683 802 1752 imo
815 1681 1049 1774 semetipsum,
1067 1691 1109 1754 ut
1125 1685 1259 1768 dicitur,

278 1913 517 2004 “Quicunque
534 1914 641 1984 alium
657 1912 800 1984 molitur
816 1914 949 1996 laedere,
966 1917 1116 2008 primum

276 2027 399 2121 Ipsum
416 2052 453 2099 se
463 2029 582 2121 jaculo
598 2029 771 2122 percutiet
787 2026 972 2124 proprio.’'²

135 2264 181 2334 Et
203 2266 333 2348 statim,
360 2266 454 2336 facto
478 2263 674 2347 homicidio,
701 2272 738 2334 et
760 2267 814 2360 (ut
836 2265 885 2334 sic
908 2263 1035 2355 dicam)
1059 2267 1161 2337 simul
1182 2291 1264 2340 cum

133 2383 288 2474 perjurio
315 2381 541 2474 semetipsum
569 2381 706 2472 propria
731 2379 851 2451 133333
874 2381 1061 2473 perforavit
1088 2383 1125 2452 in
1153 2392 1262 2468 utero,

132 2497 227 2592 plaga
238 2499 394 2568 ducente
407 2517 488 2566 eum
501 2497 545 2566 ed
561 2497 751 2580 interitum,
765 2497 897 2568 socium
912 2497 988 2567 dico
1000 2498 1206 2591 perductum
1218 2501 1264 2570 od

132 2635 282 2704 perenne
306 2613 482 2706 goudium.
533 2611 620 2682 Post
643 2612 866 2683 intervallum
894 2615 1068 2706 temporis,
1094 2623 1263 2685 venerumt

132 2731 194 2800 duo
210 2731 350 2812 fratres,
370 2727 506 2822 Lybieu
522 2737 559 2799 et
576 2727 754 2812 Guruann,
769 2739 806 2800 et
822 2729 969 2800 sororius
982 2753 1101 2800 eorum
1119 2729 1261 2814 Cinuur,

132 2847 170 2916 de
188 2849 336 2943 regione
360 2845 595 2928 Pennichenn,
619 2845 853 2938 relinquentes
875 2847 1023 2938 patriam
1044 2855 1185 2941 propter
1201 2848 1265 2918 ini-

131 2965 305 3048 micitiam,
328 2971 427 3032 etex
444 2961 511 3032 3113
526 2969 625 3055 parte
642 2960 810 3055 eligentes
827 2961 969 3032 ducere⁸
986 2963 1094 3033 vitam
1115 2963 1265 3034 heremi·

134 3079 241 3162 talem,
255 3091 294 3152 et
314 3078 514 3160 solitariam,
528 3078 572 3149 ud
589 3077 705 3148 locum
721 3079 781 3148 ubi
798 3079 949 3171 positum
963 3087 1015 3149 est
1032 3102 1154 3172 corpus
1170 3081 1265 3152 beati

134 3199 283 3289 martyris
303 3194 461 3264 Clitauci
481 3217 583 3287 super
599 3195 709 3286 ripam
727 3193 878 3288 Myngui
894 3196 930 3264 in
948 3193 1069 3278 Euias3
1095 3205 1131 3266 et
1148 3196 1196 3267 ibi
1214 3198 1264 3266 vi-

133 3318 200 3380 tum
212 3335 312 3383 suam
331 3311 514 3392 duxerunt,
529 3320 566 3380 et
579 3297 760 3382 ecclesiam
768 3311 995 3394 melioratum,
1010 3309 1265 3405 3333111311Ρί3-

134 3429 203 3520 copi
220 3427 423 3509 Landaviae,
441 3433 478 3496 et
494 3427 674 3518 adjutorio,
693 3425 937 3510 funderemut3
963 3434 1001 3497 31
1014 3427 1094 3498 dato
1108 3427 1172 3498 sibi
1189 3435 1265 3498 toto

133 3541 297 3612 territorio
331 3562 378 3609 ex
402 3546 548 3630 utraque
573 3547 673 3632 perte
698 3538 858 3633 Myngui‚
885 3538 1020 3632 aRege
1038 3537 1264 3622 Morcanuuo‚

134 3653 414 3752 Pennhargaunt
448 3655 485 3726 iu
509 3657 719 3748 sempiterna
743 3655 1009 3737 consecratione,
1035 3663 1071 3724 31
1096 3656 1169 3725 sine
1192 3655 1265 3726 ullo

134 3793 232 3844 censu
250 3775 328 3845 ullo
345 3772 482 3842 homini
499 3780 644 3854 terreno,
663 3780 796 3842 etcum
814 3773 909 3842 omni
925 3770 1167 3842 commuuione
1184 3771 1267 3843 date

134 3885 379 3972 habitantibus
397 3897 434 3959 31
451 3888 656 3960 habitaturis
679 3889 889 3959 territorium
907 3886 1068 3970 ecclesie,
1086 3889 1123 3957 13
1144 3911 1266 3983 campo

135 4007 217 4076 etin
232 4008 340 4090 silvis,
355 4007 394 4074 in
411 4027 500 4098 aque
512 4013 549 4075 et
565 4005 602 4074 13
618 4005 762 4098 pascuis,
780 4004 886 4074 finem
902 4027 1003 4074 suum
1017 4005 1204 4089 duxemnt3
1229 4014 1268 4076 et

135 4121 196 4192 duo
218 4125 346 4194 fratres
369 4129 500 4191 castam
518 4123 692 4192 duxerunt
709 4122 827 4191 vitam.
879 4119 1037 4192 Sororius
1053 4119 1151 4192 vero⁴
1168 4121 1267 4214 quin-

136 4259 195 4328 que
204 4239 405 4334 procrearit
412 4238 511 4320 filios,
521 4238 615 4308 unde
625 4261 760 4332 semper
769 4237 981 4308 territorium
994 4238 1158 4310 remansit
1169 4237 1268 4330 quin·

135 4357 298 4444 partitum
315 4355 493 4438 fratribus,
510 4363 547 4425 31
565 4376 701 4448 semper
716 4355 862 4448 posteris
879 4361 916 4424 et
933 4353 1183 4448 superstitibus.

167 4671 226 4730 ¹Sic
250 4675 287 4732 Ο.
314 4675 500 4742 eorfimotori
514 4674 685 4744 finmudom.
707 4673 745 4728 H.
790 4673 886 4730 ¹Idem
904 4673 1036 4730 distichon
1052 4675 1152 4730 citetur
1168 4677 1269 4745 postes.

137 4755 188 4812 Ι131
203 4764 325 4819 ducentes
343 4763 511 4818 inseruntur.
530 4762 566 4818 0.
600 4764 690 4818 ⁴Vero
708 4761 789 4816 deest.
809 4761 845 4818 0.
