3316 5796
531 806 639 857 maun
663 805 926 856 naunavuusrs.
1251 785 1298 858 49

153 974 232 1060 int,¹
251 975 405 1046 ecclesiis
422 972 528 1044 simul
545 981 583 1043 et
599 973 776 1044 beneficiis
788 969 925 1044 earum²
940 972 1129 1064 priventur.
1171 971 1302 1046 Nullus

158 1096 199 1164 iu
211 1093 387 1174 decanum,
401 1091 519 1160 nullus
531 1091 568 1160 iu
584 1091 745 1182 priorem,
759 1090 825 1160 nisi
842 1091 1044 1183 praesbyter;
1062 1089 1178 1162 nullus
1195 1092 1232 1162 in
1248 1117 1302 1162 ar-

164 1210 411 1290 chidiaconum,
425 1208 492 1276 nisi
505 1206 671 1276 diaconus
686 1214 945 1298 promoveatur;
968 1206 1083 1277 nullus
1100 1209 1138 1276 in
1153 1211 1303 1304 praesby-

164 1335 284 1408 terum,
309 1325 428 1394 nullus
453 1325 491 1392 in
514 1322 709 1404 diaconum,
736 1322 803 1392 nisi
824 1323 868 1393 ad
890 1331 1025 1393 certum
1047 1323 1190 1394 titulum
1212 1327 1302 1396 ordi-

164 1451 271 1513 netur.
323 1440 396 1525 Qui
413 1463 497 1510 vero
513 1437 671 1510 absolute
692 1438 797 1509 fuerit
814 1439 1001 1522 ordinatus,
1028 1449 1167 1533 sumpta
1187 1454 1304 1514 careat

162 1561 340 1654 dignitate.
394 1555 527 1627 Nullus
543 1556 659 1638 abbas,
677 1555 794 1625 nullus
810 1551 954 1627 omnino
971 1556 1116 1628 clericus
1133 1566 1170 1628 et
1186 1559 1303 1644 laicus,

163 1697 372 1768 quemquam
380 1697 444 1766 per
454 1673 655 1765 episcopum
666 1673 703 1741 in
713 1670 860 1742 ecclesia
870 1673 1077 1756 ordinatum,
1088 1674 1218 1766 absque
1228 1699 1306 1766 pro-

163 1793 226 1885 prii
246 1792 402 1884 episcopi
422 1789 567 1882 judicio,
589 1796 775 1882 presumat
795 1791 931 1882 ejicere.
984 1791 1054 1874 Qui
1072 1798 1191 1861 autem
1208 1815 1306 1863 secus

164 1910 273 1980 facere
285 1907 555 2002 presumpserit,
569 1906 922 1976 excommunicationi
937 1907 1123 2000 subjaceat.
1175 1906 1307 1979 Nullus

164 2027 403 2118 episcoporum
430 2022 573 2093 alterius
601 2023 851 2117 parochianum
881 2025 1039 2094 ordinare
1063 2032 1125 2094 aut
1148 2025 1307 2116 judicare

163 2149 362 2235 praesumam
388 2141 627 2233 uuusquisque
639 2140 733 2210 enim
748 2150 836 2210 “suo
849 2140 991 2210 domino
1004 2149 1074 2212 stat
1086 2151 1148 2212 aut
1161 2139 1308 2224 cadit;”³

166 2281 232 2328 nec
258 2265 397 2326 tenetur
425 2255 551 2348 aliquis
581 2257 755 2328 sententia
782 2279 853 2327 non
879 2281 901 2327 a
928 2280 990 2328 suo
1013 2259 1135 2350 judice
1161 2258 1307 2352 prolata.

168 2371 290 2444 Nemo
315 2372 654 2442 excommunicatum
679 2372 822 2443 alterius
846 2383 1033 2466 praesumat
1055 2375 1092 2444 in
1115 2377 1308 2445 communi-

168 2512 276 2562 onem
298 2489 475 2582 suscipere.
527 2488 633 2573 Quod
653 2491 712 2581 qui
733 2491 883 2561 scienter
904 2491 1035 2574 fecerit,
1060 2501 1097 2562 et
1119 2493 1195 2585 ipse
1215 2515 1310 2562 oom-

168 2605 334 2676 munione
362 2615 478 2676 carcat
508 2604 741 2676 Christiana:
775 2605 1001 2700 Praecipimus
1030 2609 1138 2678 etiarn
1172 2631 1217 2678 ne
1250 2610 1311 2678 uni

167 2747 320 2817 personae
336 2724 373 2793 iu
390 2722 539 2794 ecclesia
555 2723 853 2794 archidiaconatus
870 2722 948 2794 aut⁴
965 2724 1091 2795 diversi
1113 2725 1313 2795 tribuantur

167 2839 323 2911 honores.
364 2838 599 2932 Praesbyteris,
614 2840 776 2922 diaconia
791 2839 1033 2924 subdiaconis,⁵
1047 2843 1229 2926 canonicis,
1247 2866 1313 2912 ux-

165 2981 275 3040 orum,
289 2954 587 3038 concubinarum‚⁶
604 2964 641 3026 et
658 2957 815 3026 omnium
833 2954 976 3028 omnino
993 2959 1213 3030 foeminarum
1231 2983 1315 3031 con·

166 3074 337 3155 tubemia,
356 3073 565 3142 auctoritate
581 3073 772 3167 apostolica
787 3074 994 3158 inhibemus,
1012 3085 1137 3169 praeter
1153 3085 1313 3159 matrem,

168 3199 231 3260 aut
254 3212 417 3271 sororem,
441 3190 497 3258 vel
520 3190 674 3271 amitam,
699 3190 772 3260 sive
792 3190 871 3262 illas
893 3192 1056 3264 mulieres
1076 3217 1152 3286 quae
1170 3189 1315 3266 omnino

169 3315 312 3376 careant
336 3306 540 3398 suspicione.
592 3305 663 3390 Qui
689 3305 791 3398 hujus
817 3307 948 3378 decreti
974 3309 1121 3381 violator
1146 3310 1313 3391 extiterit,

170 3422 348 3492 confessus
373 3430 436 3492 aut
460 3423 650 3505 convictus,
681 3423 819 3494 ruinam
842 3426 972 3517 proprii
998 3426 1127 3496 ordinis
1151 3428 1316 3518 patiatur.

173 3536 336 3621 Usuram,
354 3547 391 3608 et
404 3546 507 3630 turpe
518 3538 654 3609 lucrum
668 3538 801 3610 clericis
814 3537 957 3612 omnino
973 3542 1206 3634 prohibemus.
1246 3542 1317 3626 Qui

173 3676 255 3724 vero
265 3678 368 3748 super
378 3651 645 3727 omni⁷crimine
656 3657 727 3727 tale
738 3658 915 3730 confessus
924 3657 1046 3729 fuerit⁸
1056 3667 1117 3730 aut
1128 3661 1316 3743 convictus,

175 3793 200 3839 a
215 3771 320 3862 gradu
337 3771 476 3865 proprio
493 3771 685 3864 dejiciatur.
737 3772 940 3870 Sortilegos,
964 3776 1098 3858 ariolos,
1120 3784 1157 3847 et
1174 3779 1320 3872 auguria

176 3909 322 3980 quaeque
335 3895 519 3971 sectantes,
530 3889 649 3982 eisque
659 3893 916 3964 consentientes
928 3895 1221 3965 excommunicari
1234 3919 1320 3989 prae·

173 4004 332 4097 cipimus,
355 4003 595 4098 perpetuique
612 4015 775 4079 notamus
795 4007 950 4081 infamid.
1001 4011 1100 4081 Inter
1116 4013 1322 4105 consangui-

174 4143 269 4204 neos,
287 4145 351 4192 seu
363 4121 533 4193 affinitate
546 4125 765 4217 propinquae,
780 4149 889 4218 usque
902 4135 939 4198 at
952 4130 1136 4221 septimam
1149 4129 1321 4223 generati-

175 4261 289 4320 onem,
304 4239 527 4308 matrimonia
539 4241 696 4312 contrahi
710 4241 944 4335 prohibemus,
996 4244 1095 4337 Siqui
1109 4269 1191 4316 vero
1204 4245 1323 4316 taliter

176 4354 354 4446 conjuncti
370 4355 511 4436 fuerint,
529 4365 741 4449 separentur.
795 4359 1041 4433 Interdicimus
1053 4363 1171 4444 etiam,
1189 4369 1230 4431 ut
1246 4362 1321 4443 viri,

213 4605 275 4662 ¹Sie
286 4607 320 4663 Β.
333 4611 560 4678 Oontmpoernnt.
574 4611 653 4667 MSS.
683 4613 901 4668 ²It'ornmdecst.
914 4613 948 4669 Ο.
977 4613 1080 4669 ³Rom.
1093 4615 1150 4670 xiv.
1163 4619 1190 4669 4.
1219 4615 1323 4671 ⁴Forte

176 4710 225 4764 pro
247 4701 280 4750 et.
298 4695 332 4751 Ε.
371 4697 438 4752 ⁵Sic
465 4696 500 4751 0.
525 4697 685 4770 diaconibus,
710 4701 918 4755 subdiaconatus.
947 4699 985 4754 H.
1024 4701 1261 4758 temtationem.
1289 4702 1324 4759 0.

177 4779 367 4842 ⁷0mnideest.
394 4783 430 4840 0.
467 4784 563 4838 ΒΜ.
587 4784 621 4840 0.
