3318 5804
380 783 452 855 164
751 795 859 847 arnan
884 793 1144 848 munnvnusrs.

377 968 503 1040 tatiuni
520 965 588 1034 huc
605 962 819 1034 diraballenn
839 960 1140 1056 henntreiguonui,
1167 961 1294 1032 deinde
1320 963 1364 1033 ad
1388 963 1510 1033 rubum

377 1086 420 1155 dc
437 1083 598 1154 salicibus
614 1078 794 1150 descendit
813 1079 849 1146 iu
869 1079 1017 1170 primam
1038 1078 1175 1160 fossam,
1198 1079 1259 1148 ubi
1280 1079 1441 1172 inceptus
1460 1088 1513 1150 eat

376 1201 463 1271 finis.
514 1197 722 1288 Quicunque
744 1194 957 1277 custodierit,
981 1195 1220 1278 benedicetur3
1247 1197 1307 1287 qui
1328 1205 1448 1268 autem
1471 1196 1514 1267 ab

377 1315 523 1387 ccclesia
544 1313 730 1383 Laudaviae
753 1312 972 1402 separaverit,
996 1309 1342 1381 excommunicetur.¹
1393 1312 1517 1383 Eccle-

377 1428 443 1502 aia²
469 1429 625 1522 Tipallai,
657 1437 693 1498 et
722 1423 885 1498 ecclesia⁹
915 1425 1048 1508 Diuuil,
1079 1435 1185 1519 atque
1210 1426 1365 1510 Maium,
1396 1437 1434 1498 et
1460 1453 1519 1500 ec·

377 1543 499 1618 elesia²
517 1544 639 1616 Mable
655 1544 786 1615 habens
803 1566 866 1614 sex
882 1544 1016 1614 modios
1029 1567 1110 1613 curn
1122 1541 1211 1613 silvi
1223 1551 1259 1614 et
1272 1566 1405 1636 campo.
1458 1543 1520 1613 Fi-

379 1665 432 1734 nis
454 1663 547 1734 illius
570 1669 633 1746 cat,
659 1659 711 1731 Or
731 1661 917 1756 glasgueru
940 1661 995 1730 dir
1017 1660 1199 1731 dubnnant
1221 1660 1278 1743 du,
1304 1659 1429 1730 dehinc
1452 1683 1520 1752 per

379 1790 611 1856 transversum
628 1779 719 1848 inter
735 1777 868 1848 flumen
884 1775 1006 1859 Jacob,
1025 1786 1062 1847 et
1080 1775 1208 1847 Brinn³
1228 1799 1366 1859 cernon,
1387 1778 1520 1846 iterum

379 1921 442 1990 per
463 1895 593 1978 silvam,
612 1895 737 1965 dehinc
754 1894 936 1964 descendit
956 1895 993 1963 iu
1015 1892 1171 1988 Manach
1188 1893 1310 1978 rivu10,
1331 1892 1426 1964 recte
1446 1894 1519 1963 dir-

379 2013 582 2094 halannauc,
597 2012 691 2082 recte
706 2035 769 2104 per
790 2010 913 2106 siluam
930 2011 1080 2080 dironcir
1100 2009 1162 2082 bet
1181 2013 1218 2080 in
1237 2009 1379 2082 fiuuauu
1394 2009 1517 2092 eithaf,

379 2128 516 2200 fraxini
532 2130 759 2211 custodiente,
777 2128 892 2198 tendit
912 2125 1007 2198 recte
1023 2129 1115 2198 inter
1133 2129 1202 2198 duo
1220 2127 1362 2199 castella
1378 2128 1422 2198 ad
1442 2127 1521 2197 lon-

379 2269 460 2340 gam
478 2246 627 2316 insulam
645 2244 730 2315 Istiz
747 2245 858 2315 donec
875 2244 1054 2316 descendit
1075 2246 1112 2314 in
1128 2243 1240 2316 rivulo
1257 2245 1372 2316 Trodi.
1422 2243 1523 2314 Finis

381 2360 635 2455 Lanntypallai,
653 2361 736 2432 licat
754 2345 932 2456 ar'ganhell
949 2385 987 2432 ar
1004 2370 1099 2432 traua
1119 2363 1149 2432 ir
1166 2363 1246 2444 coit,
1264 2386 1302 2432 ar
1317 2361 1372 2431 hit
1388 2363 1400 2430 i
1417 2359 1522 2431 claud

381 2479 500 2550 diluch
516 2481 546 2550 ir
562 2479 645 2550 eiliu
665 2476 737 2548 hit⁴
753 2481 784 2549 ir
800 2487 884 2572 pant
901 2477 992 2547 nihit
1009 2478 1044 2549 di
1062 2478 1175 2548 cestill
1195 2479 1337 2562 meirch,
1360 2472 1521 2547 111111111111ὅ

383 2596 465 2667 dicil
477 2605 572 2667 traua
589 2596 689 2666 imais
712 2619 750 2665 ar
772 2595 826 2665 hit
847 2597 859 2664 i
881 2594 982 2665 claud
1003 2595 1065 2665 bet
1088 2595 1190 2664 duuir
1209 2595 1247 2665 in
1268 2597 1351 2678 dair,
1373 2617 1411 2665 ar
1430 2593 1488 2664 hit
1509 2594 1520 2661 i

381 2723 468 2807 pant
481 2714 551 2783 trui
563 2713 575 2780 i
589 2713 660 2782 coit
672 2713 733 2784 bet
745 2711 829 2782 licat
842 2711 1016 2806 argannel,
1030 2712 1091 2782 ubi
1104 2712 1244 2803 incepit.
1296 2709 1392 2781 Finis
1406 2709 1524 2780 Lanu·

383 2827 525 2912 cinfall,⁶
538 2825 639 2899 Cirn⁷
652 2827 770 2898 ainfall
787 2827 850 2898 ital
867 2830 897 2897 ir
910 2827 979 2899 foas
992 2852 1031 2899 ar
1046 2827 1100 2897 hit
1117 2828 1233 2910 irfoss,
1249 2827 1368 2898 dilicat
1378 2827 1523 2898 finnaun

383 2944 484 3014 efrdil
501 2946 513 3013 i
531 2967 642 3038 guuer
658 2943 749 3014 nihit
765 2945 826 3016 bet
842 2945 987 3038 miugui,
1011 2944 1145 3037 miugui
1165 2944 1255 3015 nihit
1275 2944 1338 3014 bet
1359 2942 1434 3036 pull
1458 2944 1524 3014 rud

383 3060 517 3129 diuinid
533 3060 595 3130 bet
611 3059 692 3128 talir
707 3060 810 3130 briuu
827 3061 1001 3154 diguairet
1017 3060 1131 3130 dilech
1150 3060 1246 3131 forch
1265 3062 1384 3154 diaper
1404 3061 1520 3154 gefiat,

382 3175 489 3271 gefiat
511 3173 601 3245 nihit
623 3175 708 3245 dital
731 3178 762 3245 ir
783 3177 948 3247 aithnauc
970 3177 1015 3247 ad
1039 3177 1199 3248 dextram
1220 3177 1306 3260 irall,
1332 3177 1486 3247 maliduc
1509 3177 1521 3244 i

384 3292 485 3363 claud
494 3293 556 3362 bet
566 3293 640 3362 ciru
649 3292 767 3363 cinfall
778 3294 840 3365 ubi
849 3295 990 3386 incepit.
1041 3293 1138 3364 Finis
1149 3293 1370 3376 Lanndinuil,
1381 3292 1522 3364 Mouric

385 3411 536 3505 digenou
551 3417 636 3504 pant
652 3409 727 3502 pull
750 3411 885 3502 penhic,
903 3434 966 3503 per
981 3411 1136 3480 medium
1154 3411 1306 3481 maliduc
1323 3411 1354 3480 ir
1369 3418 1454 3503 pant
1472 3410 1522 3479 di·

385 3528 483 3598 uinid
498 3527 560 3596 bet
577 3527 589 3595 i
606 3527 683 3596 ford
698 3549 798 3596 maur
815 3527 850 3598 di
867 3526 942 3619 pull
957 3527 1062 3611 iccth,
1074 3529 1179 3619 juxta
1194 3529 1288 3598 viam
1304 3549 1469 3621 magnam
1485 3521 1523 3597 cr

386 3642 460 3733 pull
473 3643 661 3737 dirguairet
672 3643 824 3714 maliduc
836 3645 867 3714 ir
878 3653 964 3737 pant
976 3644 1128 3738 trefguid
1141 3646 1186 3715 ad
1198 3641 1375 3715 dextram8
1389 3644 1523 3714 dircaru

387 3759 525 3842 dirford,
544 3783 582 3830 ar
597 3758 667 3830 hit⁴
683 3763 713 3831 ir
730 3761 806 3832 ford
823 3761 963 3831 cilliuen
986 3761 1077 3831 nihit
1092 3763 1161 3831 trui
1179 3762 1258 3844 coit,
1281 3785 1319 3832 ar
1338 3760 1393 3830 hit
1413 3760 1425 3828 i
1447 3757 1521 3828 ford

387 3873 449 3942 bet
465 3872 607 3946 Mouric
623 3878 660 3945 in
676 3877 788 3948 hisich
804 3878 879 3971 pull
897 3878 1051 3949 maliduc
1070 3879 1202 3948 mouric
1219 3878 1361 3960 diuinid,
1380 3899 1418 3947 ar
1440 3878 1452 3945 i
1469 3873 1520 3944 hit

388 3987 449 4058 bet
468 4009 584 4081 genou
608 4001 694 4083 pant
717 3994 792 4085 pull
816 3997 943 4088 pennic
967 3995 1028 4066 ubi
1052 3996 1192 4090 incepit.
1244 3995 1340 4066 Finis
1366 3991 1518 4072 Mafiun,

318 4201 321 4206 Ι
390 4102 874 4196 ])ἰ311111111111111111111110111.9

427 4571 796 4634 ¹SicO.ecccmmanieatur.
815 4578 852 4632 Η.
888 4581 950 4637 ²sic
963 4582 996 4638 0.
1008 4585 1145 4638 eccleciam.
1164 4582 1202 4637 Η.
1238 4583 1356 4636 ³Briun.
1374 4579 1408 4638 0.
1443 4579 1527 4634 *Hira

390 4659 437 4800 :JD
460 4661 620 4805 1131111111.Ο
618 4663 651 4720 0.
686 4664 937 4736 warmanno,
972 4671 1080 4726 ⁷Otrne.
1099 4670 1132 4725 0.
1167 4666 1474 4724 ⁸Addeatrcmdesuut.
1491 4665 1527 4721 Ο.

437 4764 486 4800 car
516 4755 578 4804 ceci.
623 4791 630 4806 .
