3318 5804
383 771 455 847 172
741 787 860 840 sumna
882 787 1141 840 munavuusn.

742 983 852 1059 Larvrv
868 985 1149 1058 Oarauauarvv.

431 1188 577 1270 Scitote,
602 1182 807 1258 charissimi1
832 1185 963 1267 fratres,
990 1187 1083 1278 quod
1111 1188 1149 1257 in
1174 1194 1333 1282 tempore
1357 1185 1513 1260 Oudocei

381 1305 553 1399 Episcopi,
571 1301 741 1374 diabolica
755 1300 990 1372 admonitione
1006 1302 1135 1374 occidit
1156 1301 1353 1376 vaidnerth
1370 1305 1516 1378 fratrem

382 1445 484 1494 suum
504 1419 690 1491 Merchion
718 1439 821 1488 causa
849 1418 1081 1490 contentionis
1108 1420 1222 1515 regni;
1250 1427 1288 1492 et
1315 1429 1517 1514 perpetrato

382 1536 578 1620 homicidio
595 1533 771 1606 fratricida
786 1535 1107 1608 excommunicatus
1123 1545 1176 1608 est
1188 1560 1210 1607 a
1221 1535 1323 1609 beato
1336 1534 1517 1620 Oudoeeo,

383 1661 421 1727 et
437 1679 459 1726 a
475 1652 614 1748 Synodo
630 1649 734 1722 simul
750 1657 959 1748 congregata
976 1652 1021 1722 ab
1038 1650 1145 1724 ostio²
1161 1652 1243 1747 Guy
1258 1675 1367 1746 usque
1384 1649 1449 1724 ad³
1464 1675 1519 1724 os·

381 1768 491 1844 tium²
506 1769 603 1864 Tyui,
621 1766 821 1852 Landaviae;
846 1774 884 1838 et
902 1767 955 1838 ita
973 1769 1148 1854 remansit,
1172 1769 1337 1864 depositis
1358 1768 1520 1841 crucibus

383 1889 428 1959 ad
443 1895 581 1968 terram,
595 1883 698 1954 simul
710 1891 747 1955 et
758 1881 932 1954 cimbalis*
944 1885 1059 1968 versis,
1073 1885 1183 1957 tribus
1195 1885 1303 1970 annis,
1318 1883 1522 1956 subendam

382 2001 751 2084 excommunicatione,
776 2007 814 2070 et
834 2023 880 2072 ex
903 2007 980 2070 toto
1005 2001 1079 2071 sine
1103 2001 1219 2094 aliqua
1243 2001 1522 2074 Christianorum

383 2117 636 2189 communione.
686 2115 812 2187 Finitis
829 2116 938 2187 tribus
955 2117 1062 2200 annis,
1080 2117 1260 2210 requisivit
1272 2117 1406 2189 veniam
1421 2117 1522 2210 apud

383 2235 526 2308 beatum
542 2232 758 2316 Oudoceum,
776 2239 813 2303 et
829 2228 913 2302 dart
928 2233 961 2302 ei
978 2229 1088 2316 venii,
1105 2234 1202 2304 misit
1218 2257 1300 2305 eum
1314 2234 1352 2303 in
1367 2233 1522 2326 peregri·

382 2351 561 2422 nationem
576 2372 686 2442 usque
703 2349 747 2420 ad
763 2333 1058 2440 archiepiscopum
1071 2347 1261 2422 Dolensem
1277 2350 1315 2420 in
1327 2348 1521 2443 cornugal-

385 2463 485 2538 liam⁶
504 2472 645 2560 propter
660 2473 859 2536 veteranam
880 2463 1080 2548 amicitiam,
1098 2473 1136 2536 et
1152 2466 1394 2561 cognitionem,
1413 2485 1521 2556 quam

386 2584 496 2656 sancti
517 2590 633 2677 patres
654 2581 846 2652 habuerant
868 2587 1101 2652 antecessores
1122 2582 1175 2652 sui
1196 2581 1288 2653 inter
1303 2604 1350 2666 se,
1368 2579 1520 2652 Sanctus

384 2697 524 2770 Teliaus
540 2696 712 2780 videlicet,
735 2704 772 2767 et
793 2694 942 2768 Sanctus
962 2694 1119 2780 Samson,
1137 2694 1429 2790 Archiepiscopus
1450 2695 1521 2790 pri·

384 2837 463 2887 mus
480 2812 642 2886 Dolensis
657 2813 822 2898 civitatis3
847 2819 885 2883 et
903 2820 1046 2906 propter
1065 2811 1169 2884 aliam
1188 2835 1338 2896 causam,
1360 2835 1403 2883 eo
1425 2813 1520 2906 quod

383 2931 459 3024 ipse
472 2929 678 3013 Guidnerth,
691 2937 730 3000 et
741 2928 929 3012 Brittones,
942 2935 980 3000 et
991 2926 1283 3023 Archicpiscopus
1298 2928 1392 3000 iilius
1408 2937 1519 3015 terra,

386 3054 502 3118 essent
515 3046 618 3117 unius
629 3045 765 3141 linguae,
778 3047 930 3117 etunius
942 3047 1101 3130 nationis,
1116 3045 1271 3138 quamvis
1284 3046 1522 3118 dividerentur

386 3162 498 3258 spatio
513 3170 692 3245 terrenum,
710 3169 747 3234 et
768 3171 868 3234 tanto
884 3161 1009 3234 melius
1028 3170 1166 3257 poterat
1185 3163 1387 3234 renunciare
1407 3162 1520 3235 scelus

386 3279 810 3374 suum‚etindulgentiam
820 3279 1154 3374 requirere,cognito
1167 3301 1406 3351 suosermone.
1432 3277 1520 3351 Post

386 3397 460 3470 haec
476 3397 559 3468 data
576 3397 641 3468 sibi
660 3396 870 3480 remissione,
891 3418 972 3466 cum
988 3395 1147 3490 sigillatis
1169 3393 1290 3480 literis,
1310 3395 1415 3467 rediit
1436 3403 1520 3468 ante

388 3521 493 3610 caput
509 3514 596 3586 anni·
606 3515 650 3585 ad
671 3513 829 3608 patriam,
846 3520 884 3584 et
905 3513 950 3583 ad
972 3513 1116 3586 beatum
1132 3511 1353 3596 Oudoceum;
1378 3519 1417 3584 et
1439 3513 1521 3606 quia

387 3633 543 3704 nondum
558 3632 688 3704 fecerat
703 3653 842 3713 annum,
861 3631 980 3725 (quem
998 3627 1216 3722 promiserat)
1234 3630 1272 3700 in
1287 3627 1443 3713 exvrlatvr,
1460 3651 1519 3700 ne-

389 3769 457 3840 que
477 3748 623 3833 finierat,
646 3747 759 3820 noluit
780 3745 879 3818 illum
901 3744 1089 3830 absolvere,
1110 3747 1172 3818 sed
1195 3745 1312 3840 potius
1335 3745 1373 3816 in
1398 3745 1518 3818 eadem

387 3863 488 3934 fieret
512 3864 878 3948 excommunicatione,
903 3885 974 3934 non
998 3869 1133 3935 servato
1158 3862 1203 3935 ab
1229 3885 1272 3934 eo
1297 3862 1409 3956 primo
1431 3862 1517 3956 jugo

388 3977 609 4071 paenitentia.
660 3980 832 4053 Manente
848 4003 890 4053 eo
906 3979 945 4051 in
960 3979 1083 4050 eadem
1098 3979 1388 4073 prevaricatione,
1405 3985 1442 4049 et
1457 3999 1517 4048 ex·

325 4117 327 4122 ·
389 4096 709 4179 communicatione,
726 4105 809 4169 ante
824 4097 931 4168 finem
946 4096 1028 4166 anni
1044 4094 1194 4168 Sanctus
1210 4095 1394 4168 Oudocens
1408 4093 1518 4164 famo-

389 4209 529 4282 sissimae
544 4210 624 4282 vitae
640 4209 831 4304 Episcopus
851 4209 1053 4284 Laudaviae⁶
1069 4212 1228 4286 transivit
1247 4211 1292 4284 ad
1309 4208 1517 4300 Dominum

425 4563 486 4618 ¹Sic
494 4564 677 4620 oduario-rimi.
695 4563 733 4619 H.
769 4562 1132 4622 misopotamiam.
1152 4565 1191 4621 Η.
1225 4563 1381 4621 udisset.
1399 4562 1434 4618 Ο.
1468 4561 1523 4617 ⁴Id

390 4651 637 4792 ztvgadapgu'abss.
671 4651 746 4706 ⁶Seu
757 4650 847 4722 potius
858 4651 887 4708 in
899 4651 1040 4711 Britannia
1051 4653 1160 4724 Minori,
1172 4657 1206 4710 ut
1216 4657 1294 4708 notat
1306 4651 1398 4723 nuga.
1433 4649 1523 4708 ua·-
