3316 5796
493 850 600 902 masa
624 853 883 906 usunsvuusrs.
1185 839 1252 910 131

117 1019 370 1091 renovabantur
382 1041 448 1112 per
458 1026 642 1112 paternum
655 1021 855 1091 subsidium.
900 1019 938 1092 N
940 1043 979 1092 ec
992 1021 1165 1096 ullatenus
1178 1048 1255 1118 par·

117 1135 238 1207 cebat¹
256 1136 375 1219 labori3
401 1136 476 1205 imo
491 1136 645 1229 undique
662 1138 911 1208 concurrebant
927 1139 1042 1232 plebei
1058 1147 1099 1209 nt
1119 1163 1255 1211 summa

117 1253 186 1322 sibi
202 1252 280 1336 leni,
293 1249 418 1344 atqus²
435 1253 531 1345 gravi
548 1255 722 1324 sententia
734 1254 779 1324 ad
795 1254 1037 1326 sufficientiam
1050 1265 1087 1327 et
1103 1257 1254 1329 toleran-

117 1370 205 1439 tiam
221 1366 420 1461 patienter}³
432 1368 491 1439 ut⁴
503 1369 650 1453 solitam,
668 1380 910 1463 recuperarent
927 1372 1041 1442 sanius
1058 1373 1253 1465 praesidium

118 1487 208 1578 apud
223 1487 323 1579 pium
336 1485 528 1568 doctorem,
544 1495 619 1558 tam
635 1487 744 1558 viduis
757 1511 861 1580 quam
874 1488 1011 1571 orbatis,
1030 1497 1102 1558 tam
1119 1491 1254 1583 maguis

117 1625 218 1694 quam
231 1601 369 1696 pusillis
383 1602 660 1687 desiderabilem
678 1604 737 1696 qui
750 1604 903 1675 clarebat
915 1605 951 1674 in
964 1605 1087 1697 specie,
1101 1605 1255 1676 clarebat

116 1718 151 1788 in
166 1719 309 1802 virtute,
328 1721 530 1790 coruscabat
548 1720 713 1804 doctrina
732 1721 907 1790 eminebat
923 1720 1116 1791 nobilitate.

165 1834 277 1907 VIII.
305 1835 376 1919 Qui
394 1858 475 1904 cum
493 1837 637 1908 vacabat
654 1837 810 1919 orationi,
828 1837 1038 1907 intermixtae
1054 1837 1204 1921 fletibus,
1218 1845 1256 1908 et

116 1951 294 2046 singultui,
309 1952 452 2021 advenit
466 1952 604 2044 quidam
618 1953 661 2022 de
672 1954 843 2035 fratribus,
859 1953 984 2036 diceus,
1000 1952 1057 2024 “O
1071 1960 1171 2046 pater
1182 1953 1253 2047 pie!

116 2068 312 2161 “egredere
329 2076 370 2136 ut
387 2068 504 2138 videas
521 2066 631 2162 ligua⁵
648 2093 723 2160 quse
740 2067 979 2140 tuis'aedificiis
999 2077 1120 2162 parata
1139 2069 1255 2154 sunt;”

115 2206 262 2276 quaeque
279 2193 319 2253 ut
336 2183 434 2266 vidit,
453 2208 534 2254 eece
552 2183 729 2255 virbonus
746 2194 783 2254 et
793 2187 919 2277 justus,
938 2194 975 2255 et
992 2186 1099 2256 totius
1117 2185 1256 2256 Britan-

116 2302 186 2369 niae
199 2299 515 2394 Historiographus‚
531 2299 669 2371 Grauis
684 2299 837 2393 Sapiens,
853 2304 908 2396 (ut
924 2302 961 2370 in
976 2301 1128 2372 historiis
1145 2303 1256 2372 nomi-

117 2412 251 2504 natur‚)
267 2415 324 2507 qni
340 2439 380 2484 eo
397 2425 555 2509 tempore
569 2415 850 2487 conversabatur⁶
867 2417 903 2487 in
920 2417 1033 2487 insula
1051 2417 1173 2499 Ecum,
1193 2419 1255 2487 du-

116 2555 206 2602 cens
223 2531 468 2602 anchoritalem
481 2533 599 2615 vitam,
617 2534 785 2604 transibat
802 2557 864 2626 per
875 2534 1031 2603 modium
1048 2532 1179 2602 flumen
1189 2557 1256 2618 na-

116 2647 245 2729 vicula,
256 2671 334 2716 cum
346 2648 641 2743 praedictisliguis
651 2673 691 2720 ac
701 2650 798 2720 velut
811 2673 873 2721 sua
884 2650 1054 2742 portabat,
1065 2650 1257 2740 quaeetiam

115 2765 153 2834 in
170 2765 288 2836 media
304 2765 389 2836 silva
406 2766 480 2835 sine
493 2763 627 2858 aliquo⁷
642 2789 836 2859 possessore
849 2769 1037 2849 invenerat,
1051 2775 1089 2836 et
1104 2765 1257 2836 multum

116 2882 412 2952 aconversatione
425 2882 606 2951 hominum
619 2891 843 2975 sequestrata.
894 2882 985 2953 Cum
1001 2884 1124 2954 beatus
1137 2881 1258 2954 Oudo-

116 3022 199 3070 ceus
215 3007 381 3091 expertus
397 2998 521 3082 fuerat,
539 2999 721 3070 advocavit
738 3001 890 3082 fratrem,
903 3008 945 3070 ut
962 2999 1026 3070 sibi
1045 2999 1160 3094 lignea
1176 3000 1256 3070 aedi-

115 3115 195 3186 ficia
212 3137 275 3184 sua
291 3123 391 3184 terrae
407 3115 601 3207 projiceret,
615 3124 676 3186 aut
692 3117 845 3188 fraterno
857 3139 953 3186 more
967 3117 1255 3187 condonationem

116 3233 159 3302 de
182 3230 308 3301 illicita
326 3231 450 3302 fraude
467 3233 558 3324 apud
581 3231 699 3302 Deum
720 3242 757 3303 et
777 3233 955 3303 homiuem
978 3234 1125 3326 supplex
1147 3233 1256 3325 impe-

115 3357 254 3419 trasset.
305 3345 428 3418 Oblita
448 3371 510 3418 sua
526 3349 771 3432 admonitione,
796 3358 832 3420 et
849 3357 1016 3420 evacuata
1037 3371 1139 3441 proce
1161 3348 1257 3418 navi-

115 3463 246 3536 nncula
267 3463 442 3548 transivit3
468 3474 505 3536 et
520 3466 618 3536 velut
635 3467 784 3558 quadam
806 3465 1043 3559 indignatione
1059 3464 1166 3534 frater
1182 3462 1256 3533 Ou-

116 3583 246 3652 doceus
262 3581 399 3674 accepit
418 3582 575 3664 securim,
593 3606 664 3652 non
681 3584 763 3675 qnia
779 3583 906 3664 feriret,
925 3581 986 3652 sed
1002 3589 1043 3651 ut
1060 3581 1169 3650 virtus
1187 3576 1257 3648 Dei

116 3721 180 3791 per
201 3697 303 3768 illum
326 3721 437 3790 usque
459 3698 725 3792 inperpetuum
747 3701 958 3770 increatum
976 3696 1044 3768 Dei
1064 3703 1255 3788 appareret.

117 3813 261 3884 Securis
277 3815 457 3886 descendit
473 3815 510 3884 in
533 3815 683 3910 lapidem
699 3818 884 3911 integrum,
903 3824 940 3885 et
956 3837 1019 3907 per
1034 3813 1188 3883 medium
1205 3813 1257 3882 di-

116 3932 199 4002 visit
213 3932 251 4000 in
263 3927 372 4014 duos,8
384 3955 425 4003 ac
437 3932 466 4002 si
479 3933 624 4004 artificio
637 3956 744 4004 manu
760 3934 852 4005 facto
866 3932 1078 4003 divideretur
1089 3929 1257 4001 funditis.

118 4047 200 4119 Nec
224 4046 288 4118 ulli
310 4047 492 4119 homiuum
514 4073 577 4142 per
598 4051 691 4121 uiam
716 4050 813 4122 illam
835 4049 989 4121 evitandi
1012 4048 1143 4142 lapides
1165 4053 1256 4128 sunt,

119 4166 203 4257 quin
224 4187 370 4258 semper,
393 4188 500 4259 prope
516 4167 626 4260 ripam
646 4167 798 4239 fluminis
815 4165 906 4260 Guy,
923 4167 1012 4238 miro
1028 4167 1102 4237 ictu
1119 4165 1258 4235 videan-

118 4289 175 4354 tur
190 4281 302 4366 incisi,
320 4290 358 4352 et
373 4281 579 4354 immobiles.

151 4623 331 4681 ¹Paroebcnt.
350 4625 383 4681 0.
432 4623 497 4679 2ut.
519 4623 552 4680 0.
595 4625 770 4682 ³Patancar.
795 4627 828 4682 O.
871 4629 931 4682 *Ut
951 4626 1034 4682 deest.
1058 4623 1096 4679 H.
1140 4621 1205 4677 osio
1224 4620 1260 4675 Ο.

118 4711 205 4779 lim
228 4711 269 4769 Η.
311 4713 553 4768 tommentis.
575 4711 608 4768 0.
652 4713 963 4784 manuteneant.
985 4714 1019 4769 0.
1059 4711 1124 4768 ⁸Sic
1145 4708 1178 4764 0.
1196 4711 1258 4762 dao-

117 4799 169 4854 tar.
195 4800 234 4855 Η.

686 4911 703 4960 8
