3348 5804
525 805 634 856 mann
658 805 916 856 nunnsvnnsrs.
1242 787 1290 863 37

152 975 295 1058 Badlon,
314 974 472 1044 Roberto
490 975 535 1043 dc
551 972 699 1054 (landos,
718 971 868 1043 Ricardo
887 974 959 1044 filio
978 973 1107 1056 Puntii,
1132 973 1288 1047 Roberto

151 1091 222 1162 filio
240 1090 394 1172 Martini,
414 1089 572 1160 Robertc
589 1088 661 1159 filio
679 1088 818 1182 Rogeri,
836 1088 1007 1161 Mauritio
1023 1088 1095 1160 filio
1113 1088 1288 1162 Willelmi

154 1208 197 1277 de
209 1207 376 1289 Lundriis,
395 1214 434 1276 et
451 1207 585 1276 ceteris
601 1229 664 1299 per
681 1204 945 1277 Landavensem
959 1206 1209 1299 Episcopatum
1225 1230 1288 1278 no-

154 1323 282 1406 bilibus,
302 1323 455 1394 salutem
472 1330 509 1393 et
525 1323 752 1415 apostolicam
768 1323 1057 1394 benedictionem.
1109 1321 1218 1394 Fama
1234 1347 1287 1395 re-

151 1440 289 1524 ferente,
312 1439 548 1531 comperimus
569 1439 662 1532 quod
684 1445 834 1509 matrem
851 1447 1002 1511 vestram
1022 1438 1286 1511 [landavensem

149 1557 337 1640 ecclesiam,
351 1563 475 1627 contra
486 1556 663 1638 honorem,
677 1563 714 1626 et
727 1554 876 1626 salutem
888 1558 1081 1627 animarum
1094 1563 1285 1627 vestrarum

149 1697 230 1744 ausu
252 1673 441 1744 temerario
458 1672 643 1764 expoliare,
661 1680 700 1741 et
716 1695 794 1743 eam
815 1673 1035 1756 adnichilare,
1056 1673 1284 1765 presumitur.

151 1789 253 1861 Unde
269 1798 420 1882 paterno
432 1787 560 1859 affectu
576 1790 828 1882 compatientes
845 1786 1059 1860 adversitati¹
1074 1796 1196 1859 vestrae
1207 1785 1288 1881 per²

150 1909 329 1998 praesentia
340 1907 471 1998 scripta
482 1905 695 1988 mandamus,
710 1913 815 1998 atque
832 1907 1048 1999 praecipimus
1064 1913 1105 1974 ut
1122 1904 1287 1997 quioquid

150 2023 308 2107 interris,
327 2024 482 2105 decimis,
501 2021 742 2106 oblationibus,
760 2021 955 2116 sepulturis,
973 2030 1011 2094 et
1028 2023 1160 2094 caetcris
1176 2022 1285 2105 bonis,

151 2140 261 2210 eidem
274 2140 439 2222 ecclesiae,
458 2147 519 2209 aut
536 2139 612 2210 aliis
629 2138 673 2209 de
686 2139 794 2231 ipsius
810 2139 973 2232 parochia
990 2139 1143 2210 ecclesiis
1160 2135 1286 2230 injuste

154 2254 287 2338 tulistis,
305 2265 341 2325 et
356 2255 532 2338 detinetis,
550 2255 680 2347 absque
695 2278 794 2326 mora
814 2257 1014 2327 restituatis.
1066 2254 1105 2326 Si
1122 2256 1216 2326 enim
1233 2277 1286 2324 re-

154 2369 383 2462 prehendendi
410 2381 493 2442 sunt
521 2371 584 2442 filii
611 2373 670 2464 qui
698 2381 847 2442 matrem
868 2373 1042 2444 camalam
1067 2371 1285 2451 inhonorant,

154 2487 240 2556 etei
257 2487 414 2578 injuriam
432 2487 601 2572 inferunt3
626 2488 739 2558 multo
756 2490 867 2583 magis
883 2485 960 2582 qui³
978 2488 1192 2582 spiritualem
1212 2509 1287 2556 mo-

153 2599 288 2686 lestant,
313 2612 348 2673 et
369 2605 462 2674 bona
481 2603 555 2695 ejus
579 2603 749 2675 violenter
771 2605 961 2698 deripiunt3
988 2613 1024 2674 et
1047 2603 1141 2696 quod
1160 2602 1287 2695 flagiti-

151 2740 247 2788 osum
269 2726 333 2802 est,
359 2714 414 2790 et⁴
439 2719 635 2790 Christiano
660 2722 801 2792 nomine
825 2722 1016 2804 inimicum,
1040 2721 1218 2790 venientes
1241 2718 1286 2789 ad

148 2843 346 2906 sanctorum
365 2836 495 2919 limina,
522 2846 558 2907 et
575 2837 799 2908 ecclesiarum
816 2838 1060 2921 dedicationes,
1087 2835 1284 2929 depredari,

145 2951 305 3047 affligere,
319 2960 358 3023 et
368 2953 426 3023 die
436 2954 543 3024 etiam
554 2953 774 3024 mercationis
787 2955 1002 3024 venientium
1015 2962 1052 3025 et
1063 2954 1285 3025 redeuntium

146 3068 233 3139 bona
248 3069 400 3152 auferre,
422 3079 460 3139 et
476 3069 644 3162 quosdam
659 3069 864 3154 interficere,
883 3070 982 3142 ferali
997 3095 1103 3154 more,
1122 3095 1192 3141 non
1209 3093 1286 3140 eru-

144 3183 321 3258 berrcetis.a
371 3185 425 3256 Ea
441 3195 583 3280 propter
594 3187 692 3258 vobis
709 3188 936 3280 praecipimus,
955 3197 1124 3280 quatenus
1142 3211 1163 3257 a
1179 3187 1286 3257 tantis

142 3301 281 3396 flagitiis
297 3302 514 3374 omnimodis
530 3303 713 3385 desistatis,
731 3311 768 3374 et
785 3306 967 3397 praeceptis
979 3302 1202 3376 venerabilis⁶
1219 3303 1286 3372 fra-

143 3421 202 3490 tris
222 3421 336 3492 nostri
364 3417 500 3490 Urbani
524 3417 687 3512 Episcopi
711 3420 893 3491 humiliter
917 3422 1075 3513 pareatis.
1127 3419 1231 3503 Quod
1256 3419 1284 3487 si

142 3545 406 3632 contemptores
423 3536 619 3620 extiteritis,
638 3537 839 3608 canonicam
858 3560 963 3630 quam
985 3539 1059 3630 ipse
1076 3538 1112 3606 in
1129 3558 1189 3606 vos
1207 3556 1286 3628 pro-

140 3654 310 3749 mulgabit
334 3655 551 3725 sententiam
575 3656 731 3748 (auctore
749 3653 842 3745 Deo)
861 3653 1149 3725 confirmabimus.
1201 3649 1284 3722 Dat.

141 3767 216 3840 Lat.
234 3791 319 3844 rur.
340 3769 411 3840 cal.
430 3764 545 3840 Μιιίἰ.7

183 4000 394 4075 Honorum
412 4001 614 4095 Episcopus,
632 4025 750 4074 servus
763 4027 939 4074 servorum
952 4002 1031 4087 Dei,
1045 4003 1182 4074 dilectis
1194 4002 1282 4084 filiis,

138 4117 237 4191 Olero
249 4129 289 4191 et
303 4117 450 4212 Populo
464 4117 691 4202 landavensi,
709 4119 867 4203 salutem,
885 4129 922 4191 et
937 4118 1163 4213 apostolicam
1179 4118 1285 4190 bene-

137 4235 339 4308 dictionem.
396 4233 613 4306 Venientem
637 4234 682 4305 ad
709 4235 905 4328 apostolica
933 4236 1023 4308 sedis
1050 4236 1282 4317 clementiam,

168 4593 288 4651 1ΒίεΟ.
312 4594 505 4649 Uniccrsitcli.
527 4591 565 4647 Η.
603 4593 778 4649 2Pcrdeest.
803 4593 837 4650 Ο.
871 4595 975 4662 ⁸Qrtod.
1001 4594 1033 4648 0.
1068 4593 1225 4648 *Etdeest
1251 4593 1284 4647 0.

136 4679 235 4736 ⁵Forte
253 4682 310 4753 leg.
331 4679 498 4736 amenta
516 4677 549 4734 B.
588 4680 815 4736 wasconum.
834 4679 867 4736 Ο.
907 4681 964 4735 719
982 4679 1092 4753 Aprilis,
1111 4681 1145 4735 A.
1153 4679 1188 4736 D.
1207 4682 1285 4734 1128.

139 4767 182 4820 001
190 4767 265 4824 deest
277 4765 380 4834 MSS,
399 4763 448 4819 sed
460 4764 600 4836 suppletur
612 4785 647 4823 ex
658 4767 792 4839 prioribus
802 4767 893 4822 bullis.
912 4766 944 4822 B.
