3348 5804
334 831 383 904 32
709 845 818 896 mssa
842 845 1100 899 manavsnsis.

185 1093 189 1101 ,
333 1015 507 1110 Talipont,
518 1012 743 1097 Lacheticon,
754 1010 1255 1108 Lanmihaggelmsur,villam
1264 1017 1478 1090 Cast-dincil

334 1157 415 1206 cnm
432 1131 589 1214 ccclesia,
606 1130 788 1202 ecclesiam
802 1127 925 1200 Sancti
938 1130 1070 1216 Catoci,
1089 1131 1271 1218 Lanncoit‚
1289 1134 1482 1228 Talponas-

333 1252 410 1334 cob,
425 1247 693 1344 Lanngunhoill,
708 1246 887 1330 Riubrein,
900 1246 1136 1332 Cast-castell,
1151 1250 1363 1343 Penniprisc,
1377 1250 1481 1321 Tres-

333 1364 703 1448 meibionOurdevcin,
713 1363 1482 1451 Treimain,Trefmeibion,Gnichtrit¹Trsf-

335 1487 412 1568 rita,
427 1481 646 1554 Lanndincul
659 1503 740 1551 cum
753 1479 908 1563 ecclesia,
922 1480 1030 1552 Istrat
1041 1481 1139 1577 EIey,
1151 1483 1365 1578 Trofginhill,
1377 1483 1480 1555 Tres-

335 1603 420 1685 lanr,
440 1597 708 1680 Treierintorch,
731 1595 931 1680 Trafmiluc,
955 1597 1142 1683 Oarnclfin,
1166 1599 1476 1682 Merthir-Onbrit,

335 1717 451 1790 Innis²
467 1713 640 1786 Marchan
656 1735 739 1784 cum
758 1712 960 1784 molendino
981 1722 1019 1786 ot
1034 1717 1218 1787 maritimis
1234 1712 1341 1788 inira³
1356 1716 1426 1787 Tuf
1437 1725 1477 1787 ct

335 1835 437 1929 Eley.
486 1827 780 1924 Inia²-Bratguen,
797 1829 1013 1914 tres-Gillo,
1032 1828 1146 1903 Innis²
1163 1832 1327 1916 Parthan,
1345 1833 1480 1904 Londi-

333 1951 419 2035 null,
441 1951 613 2022 Pennonn
633 1946 888 2030 Lannsanfreit,
909 1947 1160 2020 ires-meibion
1176 1948 1340 2032 Ambrus,
1361 1949 1477 2019 ecclo-

333 2071 422 2140 siam
440 2065 616 2148 Pontirch,
639 2061 1005 2146 Marthir-meliuer,
1024 2063 1325 2148 Mcrthir-Buceil,
1342 2066 1476 2136 duode-

334 2187 404 2257 cim
425 2205 530 2265 acras,
554 2203 640 2274 quas
656 2178 860 2250 Wiilelmus
877 2180 922 2251 de
939 2179 1087 2251 Cantalo
1103 2204 1166 2274 per
1182 2182 1254 2252 vim
1274 2182 1474 2275 possederat

333 2311 372 2375 ot
387 2300 531 2371 tandem
548 2305 670 2368 vestrae
687 2295 838 2366 reddidit
855 2296 1019 2380 ecclesiae,
1037 2297 1262 2392 Lanngemei,
1277 2297 1476 2393 Lancingu-

333 2418 424 2500 alan,
448 2415 633 2496 Cilcuihm,
656 2412 876 2495 Porthmion,
901 2410 1080 2497 Pennivei,
1105 2413 1290 2498 Landocei,
1314 2414 1473 2499 Culalan,

334 2529 740 2630 Orucgucmanuocofi
753 2527 1136 2613 Nantbaraen,Gulich‚
1147 2529 1366 2612 Luinelidom
1375 2531 1475 2602 Tres-

334 2653 484 2747 bledgur
499 2648 543 2718 M
544 2645 701 2729 abachcs,
714 2644 981 2740 diei-bladgint,
999 2645 1292 2740 Henrin-gimma,
1304 2646 1475 2719 Merthir.

334 2772 422 2853 Ilan,
450 2765 617 2842 Lanmair
638 2762 780 2844 Peritos
803 2760 1033 2854 Landipallai,
1055 2761 1308 2847 Porthisoeuin,
1329 2763 1475 2835 Lanmi-

332 2886 446 2982 hagel,
474 2883 590 2964 Liclit,
616 2877 906 2960 Tres-iridiouem,
932 2877 1128 2962 Trou-mur,
1155 2881 1274 2952 villam
1299 2879 1476 2952 Lanncin·

332 3003 453 3076 m‘arch
475 3021 556 3071 cum
579 3005 689 3090 prato,
713 3001 751 3065 et
767 2994 942 3065 coretibus
959 2996 1030 3066 suis
1045 3017 1149 3089 super
1164 2995 1268 3080 Guai,
1290 3005 1328 3069 et
1343 3005 1474 3067 temam

331 3121 423 3193 infra
433 3115 698 3209 castell-guent,
710 3109 1038 3204 Penncelliguenuc,
1050 3110 1312 3196 Castalidinan,
1324 3134 1405 3182 cum
1415 3112 1476 3183 sil-

333 3261 378 3309 va
394 3245 432 3308 et
451 3241 553 3328 prato
570 3239 607 3302 ct
622 3227 815 3310 maritimis,
841 3235 879 3297 ot
896 3225 1077 3312 Guorund,
1103 3228 1292 3312 Penichan,
1314 3227 1476 3300 Guonln-

331 3377 412 3438 uuo,
434 3351 508 3422 Dui
525 3349 664 3426 Gwent,
683 3343 799 3426 Euias,
818 3341 999 3427 Istratour,
1021 3367 1103 3414 cum
1120 3345 1272 3428 decimis,
1290 3345 1475 3416 oblationi-

330 3473 407 3555 bus,
431 3465 626 3562 sepulturis,
648 3461 839 3543 territoriis,
862 3460 1014 3556 refugiis,
1039 3469 1076 3532 et
1099 3461 1208 3532 libera
1229 3463 1474 3533 communione

332 3580 485 3670 eanrm;⁴
510 3602 724 3677 quaecunque
746 3578 972 3671 praeteream
994 3577 1150 3648 futurum
1175 3577 1357 3673 (largiente
1378 3575 1473 3669 Deo)

326 3705 432 3799 justis
452 3702 567 3772 modis
588 3697 718 3791 poterit
738 3694 891 3788 adipisci,
915 3695 1035 3785 quieta
1056 3696 1090 3764 ei
1115 3717 1260 3787 semper,
1284 3702 1321 3765 et
1338 3694 1475 3765 illibata

332 3823 570 3914 permaneant.
621 3812 851 3883 Decernimus
869 3833 952 3905 crgo
968 3817 1010 3880 ut
1027 3810 1113 3881 nulli
1130 3805 1274 3881 omnini)
1290 3811 1473 3881 hominum

330 3935 439 4007 liceat
454 3931 656 4025 praedictam
671 3927 855 3999 ecclesiam
871 3924 1003 3997 temero
1020 3929 1213 4020 pertubare,
1227 3935 1289 3998 out
1305 3927 1379 4019 ejus
1395 3949 1474 4018 pos-

330 4051 501 4124 sessiones
517 4045 661 4126 auferre,
682 4043 740 4114 rel
756 4043 889 4115 ablatas
905 4043 1066 4125 retinere,
1087 4043 1254 4126 minuero,
1272 4042 1329 4113 val
1345 4051 1474 4113 temer-

331 4168 414 4240 ariis
426 4163 668 4236 vexationibus
684 4161 840 4254 fatigare,
853 4159 915 4231 sed
928 4160 1046 4231 omnia
1059 4161 1101 4243 ei,
1116 4183 1196 4230 cum
1213 4160 1384 4253 parochiae
1396 4159 1474 4228 fini-

331 4286 398 4358 bus
409 4284 546 4375 integra
558 4283 814 4360 conserventur,
827 4283 902 4346 tam
914 4277 984 4347 tuis
996 4300 1101 4368 quam
1118 4277 1321 4348 clericorum
1334 4284 1373 4346 et
1387 4298 1475 4368 pau-

332 4422 456 4495 perum
472 4398 592 4468 usibus
612 4394 804 4488 profutura
853 4391 963 4485 Siqua
982 4393 1091 4487 igitur
1109 4394 1147 4462 in
1165 4393 1325 4463 futurum
1345 4390 1475 4462 eccles-

321 4509 456 4590 iastica
467 4512 672 4586 secularisve
685 4533 840 4604 persona,
857 4508 948 4580 hanc
961 4517 1086 4580 nostrae
1105 4509 1361 4580 constitutionis
1377 4508 1475 4604 pagi-

422 4835 572 4892 lauretae.
591 4834 626 4890 Ο.
660 4833 755 4889 ‘³1mta.
773 4829 808 4890 Ο.
841 4833 943 4901 ³Infra
963 4850 1011 4904 pro
1030 4835 1111 4887 intra.
1130 4831 1164 4886 E.
1200 4831 1328 4886 ⁴Eorum.
1347 4829 1383 4884 0.
