3348 5804
360 835 409 908 24
734 851 842 902 arnan
867 849 1128 900 nsunsvnusrs.

360 1022 426 1094 sibi
443 1015 597 1092 obviam¹
615 1019 754 1090 leonem
771 1039 852 1086 cum
873 1017 1075 1088 custodibus
1096 1025 1137 1088 ut
1153 1039 1235 1087 eum
1253 1018 1434 1090 invaderet
1451 1020 1505 1090 di-

359 1135 481 1222 rexit3²
497 1138 558 1208 sed
575 1135 728 1206 electum
741 1132 810 1204 Dei
828 1128 969 1204 dextra³
980 1134 1153 1226 praetexit,
1167 1140 1205 1204 et
1216 1132 1327 1204 veluti
1340 1136 1504 1207 contoleo

359 1276 550 1351 percussus,
573 1276 610 1324 se
631 1253 668 1323 in
689 1252 808 1346 firgam
830 1244 1046 1321 committit.⁴
1095 1248 1227 1321 Beatus
1248 1273 1330 1321 vero
1353 1250 1506 1323 Samson

359 1371 528 1465 aspiciens
540 1377 619 1463 post
629 1392 720 1452 eum,
732 1369 792 1450 eit,
807 1366 972 1460 “Impera
984 1368 1049 1438 tibi
1062 1368 1099 1437 in
1112 1367 1253 1438 nomine
1261 1366 1287 1438 J
1288 1391 1348 1438 esu
1360 1368 1504 1454 Christi,

362 1499 437 1558 “ne
453 1487 616 1579 cuiquam
633 1483 781 1579 amplius
797 1506 932 1567 noceas,
951 1484 1011 1554 sed
1028 1491 1070 1554 ut
1086 1484 1254 1555 velociter
1268 1486 1419 1577 pareas,”
1441 1489 1504 1579 qui

360 1605 489 1688 statim,
507 1603 635 1674 saltum
652 1603 738 1673 dans
753 1601 977 1695 praecipitem,
996 1601 1178 1693 expiravit.
1229 1599 1366 1672 Videns
1382 1612 1506 1674 autem

360 1721 441 1793 Rex
453 1727 553 1791 tanta
564 1718 737 1790 mirabilia
748 1719 785 1786 in
798 1724 918 1788 sancto
931 1716 1010 1800 Dei,
1021 1715 1047 1787 J
1047 1716 1216 1788 udualum
1229 1718 1361 1788 catenis
1373 1720 1506 1791 adduc-

359 1846 436 1908 tum
454 1838 597 1908 donavit
613 1836 656 1906 ei.
708 1833 846 1928 Regina
861 1856 1000 1926 quoque
1017 1855 1099 1903 cum
1120 1834 1191 1904 suis
1207 1833 1408 1918 fautoribus,
1427 1837 1506 1927 ejus

359 1954 506 2047 pedibus
526 1959 707 2046 prostrata,
729 1950 867 2022 veniam
884 1949 1074 2044 postulavit
1091 1973 1113 2020 a
1129 1956 1259 2020 sancto.
1311 1948 1390 2035 Quo
1406 1951 1505 2023 facto

360 2093 481 2141 omnes
501 2092 565 2163 per
581 2068 730 2164 gretiam
751 2066 821 2137 Dei
839 2061 1076 2160 compurgati⁶
1093 2067 1310 2159 nimiumque
1325 2067 1503 2153 laetificati,

360 2187 441 2259 Rex
457 2189 509 2257 ait
524 2187 628 2258 beato
646 2184 817 2267 Samsoni,
844 2183 936 2254 “Est
952 2205 1092 2276 serpens
1108 2183 1145 2252 in
1161 2183 1227 2253 hac
1243 2182 1419 2275 provinciis
1435 2187 1504 2255 cir-

361 2309 382 2340 “
392 2321 610 2391 cumquaque
627 2296 825 2368 habitantes
837 2293 951 2390 gravi⁶
963 2294 1121 2389 affligens
1132 2293 1347 2388 pestilentiis
1371 2300 1506 2390 etquis

361 2423 429 2486 “te
442 2415 599 2486 videmus
612 2414 799 2485 virtutibus
816 2412 958 2507 fulgere,
976 2434 1139 2506 rogamus
1153 2419 1195 2483 ut
1211 2434 1274 2483 nos
1291 2413 1442 2507 digneris
1458 2417 1506 2487 ab

362 2543 383 2574 “
392 2555 435 2604 eo
448 2530 625 2603 liberare?
676 2529 743 2602 Cui
757 2528 908 2600 Sanctus
921 2527 1069 2599 Samson
1087 2529 1187 2612 dixit,
1214 2528 1402 2602 “Iuveuite
1419 2534 1505 2603 duc-

362 2657 505 2720 “torem
515 2648 658 2730 itineris,
670 2646 832 2717 etinDei
843 2647 973 2716 virtute
983 2644 1158 2738 expellam
1169 2667 1250 2716 eum
1260 2648 1417 2738 partibus
1427 2671 1505 2720 ves-

362 2776 382 2806 “
392 2765 485 2836 tris.”
536 2764 662 2856 Itaque
675 2763 810 2834 ductori
827 2764 980 2844 invento,
995 2762 1130 2833 duobus
1143 2784 1262 2832 secum
1275 2762 1438 2836 fratribus
1450 2788 1506 2836 aa·

361 2881 724 2975 sumptiacaeterisque
735 2901 816 2949 cum
824 2876 848 2949 J
850 2873 1032 2950 udualo⁷in
1039 2877 1170 2972 palatio
1178 2879 1318 2963 relictis,
1327 2882 1420 2952 viam
1430 2905 1505 2953 car-

361 2998 468 3092 pebat
481 2992 607 3079 subitd,
619 2995 796 3067 confidens
806 3003 844 3066 et
853 2994 1015 3066 exultans
1024 3018 1163 3088 semper
1171 2996 1209 3064 in
1220 2995 1388 3081 Domin03
1406 3021 1505 3069 cum-

362 3138 430 3208 que
442 3115 487 3185 ad
503 3123 652 3196 antmm,
670 3113 731 3183 ubi
749 3135 888 3206 serpens
904 3114 1017 3184 inerat
1033 3112 1256 3205 pervenisset,
1270 3113 1388 3206 ibique
1405 3114 1506 3186 flexis

360 3232 507 3326 genibus
520 3229 714 3300 Dominum
727 3238 913 3313 exorasset,
932 3238 1130 3322 serpentem
1147 3253 1210 3323 per
1222 3229 1352 3301 collum
1365 3233 1503 3326 eripuit,

362 3355 400 3438 et
413 3347 578 3430 extraxit,
596 3352 634 3417 et
649 3345 743 3417 ultra
759 3344 891 3417 flumen
903 3347 997 3438 quod
1014 3344 1147 3440 Sigona
1162 3354 1307 3416 vocatur
1322 3355 1506 3432 naturast

360 3465 411 3538 ibi
424 3465 488 3536 sub
501 3463 652 3557 quodam
669 3462 785 3557 lapide
797 3485 947 3546 manere,
965 3463 1144 3556 praecepit:
1171 3485 1276 3555 quem
1292 3462 1504 3558 paulopost,

362 3581 435 3654 solo
458 3603 617 3652 sermone
639 3581 677 3649 in
698 3581 786 3651 mari
808 3581 985 3650 demersit.
1036 3578 1081 3649 In
1103 3579 1228 3650 eodem
1250 3603 1403 3673 namque
1426 3580 1505 3654 loco

362 3699 612 3769 monasterium
628 3697 833 3780 construxit,
852 3703 890 3768 et
905 3697 943 3766 in
959 3719 1002 3767 ec
1019 3695 1142 3767 fratres
1160 3695 1300 3767 Christo
1318 3699 1506 3770 servituros

363 3812 556 3885 collocavit.
607 3813 770 3906 Denique
784 3813 864 3884 Rex
877 3812 1116 3896 Hildebertus,
1127 3835 1190 3905 pro
1203 3819 1278 3882 tarn
1290 3815 1426 3908 magnis
1438 3817 1508 3884 vir-

234 3953 236 3956 ·
364 3929 499 4000 tutibus
524 3929 670 4000 beatum
695 3929 902 4001 Samsonem
926 3929 1116 4022 plurimum
1142 3930 1327 4013 adamavit,
1353 3931 1490 4024 sibique

362 4045 519 4140 ingentia
540 4052 719 4139 gratanter
740 4048 832 4117 dona
853 4046 1019 4129 tribuens,
1046 4047 1084 4116 in
1106 4069 1190 4117 auro
1214 4044 1377 4142 (scilicet)
1396 4054 1433 4118 et
1449 4070 1505 4118 ar·

362 4168 479 4258 gelato,
500 4161 537 4232 in
553 4161 691 4232 vasibus
707 4163 875 4255 pretiosis,
901 4163 939 4232 in
954 4163 1100 4256 praediis,
1127 4169 1164 4234 et
1180 4162 1217 4232 in
1233 4163 1506 4255 possessionibus

362 4278 530 4373 plurimis,
556 4300 594 4350 se
614 4273 770 4372 suisque⁹
790 4279 1004 4351 orationibus
1024 4279 1292 4350 commendavit.
1343 4279 1507 4374 Accepto

362 4419 481 4468 secum
497 4397 617 4488 itaque
629 4393 653 4466 J
654 4396 792 4480 udualo,
808 4395 948 4466 Lasiam
960 4393 1185 4489 Angiamque
1197 4395 1293 4478 adiit,
1311 4397 1431 4490 ibique
1443 4421 1508 4469 ex·

401 4649 469 4704 ¹Sub
485 4649 619 4704 odoia.0.
656 4651 789 4704 ’Diserta
808 4650 841 4705 0.
876 4648 1073 4705 ’Μίνωα
1109 4649 1192 4704 Forte
1208 4648 1430 4722 1433.Μωῦιί
1442 4655 1508 4708 dcx-

362 4735 594 4804 trdssprnterit.·
617 4736 826 4791 ⁴Oommtcit.0.
862 4735 1086 4811 winomado.
1121 4737 1326 4792 ‘Gmode
1361 4740 1500 4795 ⁷Indunlc

364 4821 398 4876 0.
433 4821 660 4891 parma.
696 4823 869 4891 rasum.
889 4824 923 4880 0.
