3318 5804
514 799 622 850 mnus
646 797 906 848 ninnivsusls.
1208 775 1278 847 149

139 975 244 1057 silvis,
269 973 308 1042 in
330 966 421 1064 eqni
443 974 480 1040 et
502 967 539 1037 in
561 965 705 1059 pascuis,
732 963 861 1056 ubique
883 985 946 1057 per
968 968 1079 1032 totum
1102 961 1280 1056 regionem

141 1089 323 1163 Gieuissic.
373 1085 432 1157 De
448 1084 546 1156 luicis
563 1089 672 1153 testes
689 1087 780 1164 sunt,
807 1077 933 1151 Ithnil¹
951 1077 1277 1172 Rex,'{Broehmcil‚

143 1206 278 1289 Gellan,
295 1204 428 1299 Anger,
461 1196 763 1273 ennean-Finis
787 1195 926 1266 ilianum
951 1197 1111 1266 villarum
1136 1205 1199 1280 est,
1229 1193 1282 1271 Or

140 1332 226 1417 punt
238 1321 354 1394 nessaf
363 1320 485 1390 dilicat
497 1311 663 1412 gui-iuni,²
677 1339 698 1384 0
710 1310 1053 1408 gimuni²hinnieun
1063 1334 1178 1407 genou
1186 1324 1281 1406 pent,

142 1442 196 1511 cni
216 1439 327 1509 ivinid
350 1435 464 1506 ni³hic
487 1434 541 1504 hit
560 1431 709 1528 gunsthn
724 1431 805 1502 irelt
822 1431 876 1500 dir
891 1429 1003 1512 claud,
1021 1430 1123 1500 claud
1140 1430 1230 1500 nihit
1246 1432 1283 1500 in

139 1565 230 1628 treus
248 1556 356 1627 trusi
373 1553 480 1624 ferdi
497 1550 600 1622 claud
616 1547 706 1618 nihit
723 1548 794 1617 trui
810 1546 906 1617 icoit
923 1546 1071 1640 igueiret
1087 1547 1117 1615 ir
1132 1555 1227 1639 pant,
1245 1571 1284 1618 nr

140 1673 190 1743 hit
212 1674 225 1743 i
246 1671 354 1742 claud
372 1670 426 1740 dir
442 1665 548 1750 carn,⁴
565 1665 667 1736 claud
689 1664 780 1734 nnis
802 1664 832 1733 ir
848 1663 999 1746 finneun,
1018 1686 1057 1732 01·
1072 1662 1214 1733 finnenn
1231 1665 1284 1734 dir

142 1789 250 1872 claud,
270 1786 377 1857 claud
399 1785 489 1856 nihit
507 1784 560 1853 dir
577 1782 719 1852 finnnun
735 1780 829 1863 ercii,
848 1804 888 1850 or
903 1779 1046 1851 finneun
1062 1804 1100 1851 ar
1115 1780 1169 1850 hit
1186 1781 1197 1848 i
1215 1780 1284 1852 foss

142 1906 247 1976 isinid
265 1905 339 1974 trui
356 1905 367 1973 i
386 1903 467 1985 coit,
487 1901 540 1970 dir
555 1899 667 1969 minid
683 1897 798 1968 arirail
815 1919 854 1966 er
872 1897 926 1966 hit
948 1897 1026 1980 foss,
1051 1898 1120 1968 foss
1144 1897 1233 1969 nihit
1256 1899 1286 1967 ir

142 2029 233 2114 pant,
250 2028 342 2115 pant
358 2019 449 2088 nihit
466 2016 575 2088 ivinid
592 2016 696 2086 trusi
713 2015 790 2085 ford
806 2037 907 2085 meur
919 2037 957 2084 ar
968 2014 1022 2084 hit
1039 2013 1166 2085 iclcud
1182 2017 1285 2087 tmsi-

144 2139 251 2209 minid
264 2137 413 2208 inisuni
430 2135 535 2216 blein,
553 2140 640 2226 pant
652 2131 781 2226 gulieh‚
796 2132 901 2203 diben
914 2132 1002 2201 lctre
1017 2129 1145 2203 Elidon
1161 2133 1174 2202 i
1191 2133 1287 2204 blein

148 2253 161 2323 i
183 2262 275 2346 pent,
294 2254 306 2322 i
328 2259 417 2346 pant
438 2252 588 2345 iguairet
609 2273 672 2342 per
687 2248 844 2318 medium
860 2249 959 2319 vellis
975 2249 1030 2319 dir
1044 2248 1187 2320 finneun
1203 2250 1287 2321 licet

147 2368 275 2462 gulich‚
293 2368 410 2462 gulich
430 2367 614 2462 irguniret
636 2389 675 2436 er
694 2366 707 2435 i
729 2365 820 2436 hithi
842 2366 964 2436 iciueir
984 2366 1130 2458 pouisue
1147 2366 1251 2436 deuui
1274 2370 1287 2436 i

145 2507 241 2576 penn
256 2487 271 2554 i
284 2507 370 2567 cern,
384 2485 461 2578 ynis
474 2484 604 2554 teireru
624 2484 637 2552 i
657 2482 760 2575 pesth
776 2481 861 2553 areli
877 2483 1015 2564 irnent,
1029 2489 1115 2552 nent
1127 2482 1140 2550 i
1151 2484 1288 2576 guairet

147 2601 199 2670 uri
222 2600 276 2669 hit
300 2600 353 2669 hit
374 2603 412 2670 in
433 2623 517 2693 uper
538 2600 748 2694 i-guonnni
773 2599 938 2693 guorruni
960 2596 1050 2668 nihit
1075 2621 1211 2668 sursum
1235 2598 1288 2669 hit

145 2739 238 2810 penn
253 2713 453 2811 guccineir⁵
472 2716 485 2784 i
505 2725 601 2809 pant,
619 2717 679 2786 ubi
702 2716 833 2808 incepit
849 2715 936 2786 finis.
988 2714 1196 2808 Quicunque
1213 2739 1290 2787 cus-

145 2834 298 2918 todierit,
317 2833 493 2904 custodiet
509 2832 610 2904 illum
624 2832 736 2917 Deus3
763 2833 822 2926 qui
839 2841 957 2904 eutem
974 2833 1019 2904 cb
1036 2832 1181 2904 ecclesie
1198 2832 1290 2905 Ianu-

146 2951 252 3024 deviae
270 2951 494 3045 separaverim
512 2949 699 3024 anathema
714 2949 770 3021 sit.

243 3217 475 3288 Enmconus
491 3237 531 3288 ln
549 3217 684 3289 Gnsnn
701 3217 822 3289 Iseon
838 3238 953 3289 sunus
969 3240 1084 3293 RIPAM
1100 3219 1199 3291 Gus.

191 3417 347 3490 Judhail
363 3416 455 3500 Rex,
474 3416 652 3488 Morcnnti
668 3417 770 3501 filius,
785 3427 822 3489 et
838 3419 901 3489 filii
915 3419 989 3511 ejus
1006 3416 1169 3488 Femuail
1187 3425 1292 3509 etque

147 3531 296 3618 Mouric,
328 3533 504 3605 dederunt
526 3543 597 3606 tres
613 3537 733 3606 uncias
749 3536 822 3630 egri
845 3534 940 3628 pleni
960 3535 1190 3628 navigationis
1208 3532 1289 3628 Guy

145 3649 297 3723 fluminis
313 3651 368 3746 (id
381 3658 436 3722 est
449 3649 669 3743 Emricorue)
683 3660 720 3722 et
734 3651 932 3723 Gurdccuis
948 3651 1184 3722 haereditarius
1201 3651 1293 3723 filius

146 3767 306 3853 Cetdem,
330 3767 437 3838 simul
454 3790 535 3838 cum
552 3769 611 3852 eis,
629 3767 719 3852 Deo,
743 3778 781 3840 et
805 3768 942 3840 Sanctis
966 3767 1143 3852 Dubricic,
1168 3768 1293 3839 et'Te-

148 3883 250 3968 lianc,
270 3895 309 3955 et
329 3883 508 3969 Ondcceo,
527 3893 565 3955 et
582 3887 742 3957 omnibus
759 3888 828 3956 suis
846 3885 1097 3957 successoribus
1114 3883 1167 3955 in⁶
1184 3886 1295 3957 eccie-

146 4001 194 4070 sia
215 3999 412 4071 Laudaviae
433 4002 470 4070 in
487 4010 666 4095 perpetuo,
680 4005 869 4074 cumomni
887 4003 1048 4074 libertate
1066 4026 1136 4086 sun,
1150 4010 1188 4073 et
1200 4027 1295 4074 eore-

147 4117 239 4188 tibns
257 4117 335 4187 suis
353 4118 524 4202 omnibus,
548 4127 682 4190 etcum
706 4129 782 4191 tote
804 4123 1048 4192 communione
1064 4121 1101 4190 in
1118 4143 1241 4213 campo
1259 4128 1296 4191 et

146 4233 180 4302 in
202 4234 313 4316 silvie,
341 4233 379 4303 in
401 4257 491 4327 aque
513 4243 551 4306 et
572 4237 610 4306 in
629 4235 884 4330 pascuis-De
900 4236 1053 4320 Clericis,
1080 4245 1188 4308 testes
1205 4245 1295 4320 sunt,

148 4346 349 4444 Episcopus
363 4347 560 4437 Oudcceus,
575 4351 741 4448 Dngnnus
752 4352 874 4424 Abbas
885 4353 1034 4425 Cerbani
1047 4352 1155 4435 vallis,
1168 4353 1296 4424 Elucid

181 4668 245 4727 ¹Sic
258 4669 347 4728 MSS.
384 4669 590 4729 ’nummu
626 4673 742 4729 ³In.0.
778 4674 942 4731 marceo.
978 4672 1240 4742 munemne.
1260 4671 1297 4726 H.

150 4753 303 4814 ‘SicOn‘n
318 4757 405 4812 deest.
424 4757 462 4812 H.
