3316 5796
513 838 620 888 11111
645 837 903 890 menevense.
1224 823 1271 892 95

13 1075 15 1090 ‚
134 1009 285 1081 bellandi
296 1006 425 1088 nescia,
441 1005 558 1075 laevius
571 1005 745 1099 subjugari
762 1006 886 1097 potuit.
938 1003 1055 1098 Siquis
1068 1016 1186 1078 autem
1199 1007 1272 1100 ple-

139 1127 217 1195 nius
237 1125 319 1196 scire
341 1123 527 1205 desiderat,
547 1122 585 1191 in
603 1120 761 1192 Historia
778 1121 908 1194 Gmnrn
924 1121 1171 1194 Britannorum
1189 1124 1273 1196 His-

139 1241 345 1336 toriographi
361 1239 523 1332 reperiet.
612 1251 615 1258 '

13 1431 14 1450 ἶ
192 1357 255 1428 VI.
281 1357 445 1449 Cumque
462 1355 602 1447 quidam
623 1354 716 1424 illius
736 1353 875 1425 nefariae
894 1358 1008 1449 gentis
1025 1360 1183 1452 princeps
1200 1368 1273 1430 tru-

13 1483 14 1500 ¹
139 1475 282 1545 cidando
305 1475 453 1546 miseros
475 1471 614 1554 incolae,
644 1479 682 1541 et
706 1472 940 1543 comburendo
964 1475 1054 1544 cades
1079 1483 1116 1546 et
1141 1476 1274 1569 templa
1336 1491 1337 1499 ’

138 1599 344 1673 sanctorum,
367 1613 390 1660 a
409 1588 589 1660 navalibus
609 1584 806 1681 appulerat1
827 1610 938 1680 usque
961 1589 1204 1662 Minuensem²
1225 1593 1273 1662 oi-

13 1691 14 1748 fi
138 1707 282 1778 ritatem
306 1705 543 1799 processisset3
567 1705 617 1774 ibi
643 1705 809 1786 constitit,
835 1705 952 1797 ibique
977 1727 1079 1777 suum
1104 1707 1272 1800 palatium

137 1824 341 1894 construxit.
380 1821 452 1906 Qui
465 1823 583 1892 videns
597 1819 717 1892 Sancti
730 1819 874 1903 Teliaui,
889 1821 1043 1906 Doridis,
1057 1823 1273 1916 aliorumque

137 1961 314 2010 servorum
332 1937 412 2022 Dei,
430 1938 584 2030 quicum
599 1937 669 2008 illis
684 1938 814 2009 ibidem
828 1938 1010 2032 degebant,
1024 1941 1105 2038 yitae
1121 1941 1273 2032 probita-

136 2063 217 2138 tem,
235 2058 328 2126 sicut
343 2077 529 2148 pravorum
544 2075 681 2147 semper
696 2055 910 2125 consuetudo
923 2064 977 2126 est
992 2057 1092 2126 bonis
1108 2057 1271 2138 invidere,

135 2195 207 2242 non
223 2172 337 2242 solum
352 2171 422 2241 illis
438 2171 624 2254 invidebat,
641 2171 703 2241 sed
719 2171 827 2241 etiam
838 2171 920 2263 quia
934 2171 1013 2244 illos
1029 2181 1104 2243 tam
1120 2180 1273 2243 attentos

136 2288 176 2358 in
196 2287 268 2357 Dei
287 2287 426 2358 servitio
443 2287 586 2370 videret,
607 2287 721 2357 multa
740 2289 790 2358 eis
811 2289 994 2381 opprobria
1016 2311 1106 2382 saepe
1123 2289 1271 2370 dicebat,

136 2411 183 2472 nt
205 2403 255 2472 sic
274 2425 332 2473 eos
352 2427 373 2474 a
389 2403 529 2474 Christo
552 2411 735 2497 separaret.
787 2403 860 2475 Sed
879 2405 961 2497 quia
981 2407 1084 2476 minis
1101 2413 1139 2476 et
1158 2406 1273 2475 verbis

137 2520 303 2611 turpibus
318 2521 408 2611 quod
423 2519 564 2590 volebat
584 2519 720 2591 efficere
737 2543 809 2591 non
827 2523 944 2614 potuit
961 2521 1082 2592 multis
1098 2521 1274 2591 machina·

136 2635 296 2706 tionibus
314 2659 372 2706 eos
390 2644 530 2707 tentare
549 2644 703 2720 conotus,
719 2637 809 2706 vidit
829 2659 866 2708 se
882 2637 979 2720 nullo
995 2638 1099 2708 modo
1121 2659 1273 2707 commo-

135 2753 216 2823 dius
232 2774 337 2844 quam
353 2775 416 2846 per
430 2753 617 2824 muliebres
632 2751 818 2824 blanditias
832 2752 921 2824 illud
938 2752 1073 2823 efficere
1089 2775 1199 2846 posse.

186 2867 276 2942 VII.
303 2867 475 2963 Praecepit
496 2871 615 2962 itaque
636 2869 774 2939 mulieri
796 2891 875 2953 suae,
900 2878 943 2939 ut
965 2869 1010 2940 ad
1034 2877 1171 2940 sanctos
1196 2890 1273 2939 suas

134 2983 375 3078 pedissequas³
397 2985 569 3080 dirigeret,
592 2993 630 3056 et
652 2993 850 3056 sanctorum
870 2987 999 3056 visibus
1021 3007 1058 3057 se
1079 2961 1274 3069 offerreht3⁴

134 3109 178 3172 ut
199 3101 307 3171 fatuis
327 3103 481 3172 motibus
497 3104 550 3172 sui
567 3103 727 3196 corporis,
744 3109 782 3172 et
797 3103 1001 3173 meretriciis
1017 3101 1272 3184 blandimentis,

13 3275 14 3298 ,
135 3227 337 3289 sanctorum
348 3226 649 3290 mentesasancto
659 3220 834 3312 proposito
848 3228 1055 3290 conarentur
1065 3228 1273 3312 pervertere.

137 3333 238 3419 Qua,
264 3335 349 3404 dum
369 3335 518 3405 dominus
538 3357 607 3406 suae
628 3335 832 3428 exequendo
852 3337 1025 3419 mandata,
1047 3335 1201 3427 sequaci
1222 3334 1275 3403 in-

137 3473 239 3522 sanas
263 3473 339 3521 esse
363 3450 574 3534 simularent,
600 3453 727 3522 insanae
752 3451 852 3522 factae
877 3459 967 3522 sunt.
1018 3450 1159 3543 Quippe
1183 3450 1273 3543 quia,

137 3567 230 3636 sicut
246 3566 384 3650 dicitur,
403 3568 541 3659 “quiin
557 3569 713 3639 sordibus
729 3576 792 3650 est,
810 3569 934 3662 dignus
951 3575 1061 3638 estut
1077 3568 1188 3660 magis
1204 3586 1275 3635 sor-

138 3683 319 3753 “descat.’'
369 3683 450 3767 Quo
466 3685 548 3767 viso,
568 3685 753 3777 praedictus
773 3692 984 3777 persecutor,
1006 3690 1043 3753 et
1059 3689 1135 3752 tota
1151 3681 1275 3751 domus

138 3821 212 3880 sua,
235 3821 299 3890 per
319 3800 467 3892 gratiam
489 3822 665 3870 servorum
682 3800 752 3871 Dei
768 3799 975 3871 catholicam
994 3799 1100 3868 fidem
1117 3820 1272 3890 suscepe-

136 3921 232 3997 runt,
245 3923 284 3984 et
295 3915 340 3985 ab
353 3917 485 3986 eisdem
496 3918 534 3985 in
546 3916 676 3988 Christi
689 3918 829 3987 nomine
840 3915 1008 4009 baptizati
1021 3923 1113 3986 sunt.
1142 3912 1275 3984 Beatus

136 4031 257 4124 itaque
274 4029 344 4100 fuit
359 4032 419 4124 qui
435 4033 585 4104 scienter
600 4033 872 4127 persequebatur
883 4035 1006 4126 justos,
1024 4040 1065 4102 ut
1081 4031 1276 4102 nescienter

132 4147 251 4238 justus
272 4146 476 4232 efficeretur,
498 4159 634 4220 sanctos
653 4150 823 4233 tentabat,
845 4159 887 4220 ut
906 4158 1045 4221 sanctus
1065 4147 1180 4230 fieret;
1205 4146 1276 4216 liti-

136 4261 260 4356 gabat⁵
277 4285 359 4334 cum
374 4265 582 4350 hominibus,
600 4275 642 4336 ut
658 4289 738 4338 cum
755 4266 833 4336 Deo
850 4265 1141 4348 reconciliaretur3
1163 4262 1276 4355 despi-

137 4380 252 4452 ciebat
268 4381 429 4465 humiles,
445 4390 489 4452 ut
502 4382 738 4456 humilitatem
755 4383 925 4478 diligeret

172 4705 409 4778 ¹Appuleront.0.
440 4706 496 4760 ’Id
506 4711 545 4760 est
554 4709 737 4763 Mcncocnacrn.
750 4707 783 4762 B.
812 4707 885 4763 vsie
897 4707 930 4762 Ο.
939 4709 1093 4774 peditarum.
1107 4703 1144 4756 H.
1174 4702 1276 4769 *effer-

141 4801 189 4849 ent
208 4797 241 4851 Ο.
277 4797 475 4865 lInitr'qnbutur.
493 4793 527 4847 Ο.
