3316 5796
525 820 632 870 urens
656 819 916 871 nnunnvnusrs.
1219 804 1288 876 133

141 989 291 1070 familia,
301 987 463 1081 Eutigirn
471 983 594 1057 Abbas
603 985 811 1080 Dooguinni,
823 985 994 1070 Conbran,
1007 986 1184 1072 Gonueon
1197 989 1289 1062 Con-

143 1129 267 1200 gunre
285 1103 407 1175 Maiuo
428 1103 558 1185 doctor,
583 1101 739 1173 Guinbui
761 1104 935 1197 magister.
987 1102 1036 1174 Et
1059 1127 1139 1176 oum
1162 1106 1289 1179 finibus

144 1223 239 1292 istis:
266 1219 361 1292 Finis
379 1219 604 1314 Lanngemei
622 1220 756 1290 adorso
773 1220 902 1290 montis
918 1220 1095 1292 dividente
1111 1221 1235 1293 silvam
1251 1233 1289 1295 et

147 1360 312 1431 eampum
332 1338 371 1407 in
393 1359 499 1419 mare,
522 1359 632 1428 usque
655 1337 700 1406 ad
723 1336 862 1407 oculum
885 1335 1110 1430 Duiguraoh,¹
1126 1338 1289 1433 malyduo

147 1455 339 1549 dirguairet
361 1453 531 1546 betynror.
583 1451 680 1522 Finis
702 1451 913 1522 Lanntelian
934 1453 984 1523 tal
1006 1463 1145 1546 ypont‚
1167 1479 1288 1548 oaper

146 1570 308 1641 moreleis
326 1568 529 1664 dygunilaut
545 1567 711 1640 lanneroh
728 1569 869 1651 onnuiu‚
886 1575 961 1639 trus
978 1591 1060 1639 oum
1077 1571 1207 1642 onnuiu
1224 1571 1287 1665 dyr

145 1683 274 1781 guyth²
291 1685 449 1780 lunguyd
466 1685 512 1778 dy
527 1685 701 1779 oarnguili‚
720 1682 815 1778 truy⁸
831 1685 995 1779 camguili
1012 1686 1066 1756 dir
1081 1685 1197 1756 hittir⁴
1213 1711 1286 1758 me-

145 1802 203 1885 lin,
222 1827 264 1874 or
279 1800 398 1873 hittu⁴
414 1801 523 1872 melin
537 1800 609 1895 hyn
624 1801 732 1872 hiaun
749 1800 909 1872 diluohur
925 1825 970 1872 ex
986 1801 1054 1873 alia
1069 1811 1177 1896 parte,
1195 1803 1287 1873 arhit

146 1918 271 1989 luohur
284 1919 427 2012 dyuinid
440 1918 502 1989 bet
515 1917 675 2000 eamfrut
690 1941 729 1988 ar
739 1917 795 1987 hit
807 1917 958 1988 eamfiut
970 1918 1007 1988 in
1019 1928 1118 2011 parte
1131 1918 1286 1990 ecolesiae

145 2036 206 2106 bet
229 2031 356 2108 iblain⁵
378 2032 475 2128 dyalt
496 2034 648 2104 minohei
671 2057 710 2104 ar
731 2033 795 2128 hyt
816 2033 896 2105 iralt
913 2033 949 2103 di
966 2033 1109 2118 dubleis,
1127 2043 1207 2129 tnry
1223 2035 1286 2105 du-

146 2150 298 2222 bleissou
313 2148 393 2221 bet⁶
410 2151 508 2221 dinae
524 2145 712 2244 oynlynnn⁷
728 2148 829 2244 arhyt
850 2173 890 2244 yr
907 2150 1012 2244 oehyr
1028 2151 1089 2222 bet
1105 2174 1143 2221 er
1159 2176 1286 2246 oyueyr

148 2267 246 2339 blain
261 2269 422 2360 oynbran,
439 2290 479 2337 ar
494 2266 548 2336 hit
565 2268 717 2360 oynbran
734 2266 849 2338 eithaf
860 2268 921 2338 bet
938 2267 1068 2360 lyohur.

200 2381 282 2454 Rex
296 2381 472 2454 Teudirio⁸
484 2406 565 2453 oum
578 2392 669 2454 esset
681 2385 718 2453 in
730 2407 837 2478 regno
850 2407 922 2468 suo,
935 2392 1059 2455 tenens
1070 2407 1193 2478 paoem
1205 2409 1286 2457 oum

148 2499 282 2593 populo
295 2507 331 2570 et
340 2501 523 2591 justitiam,
540 2501 735 2594 postposuit
751 2501 979 2595 temporalem
996 2509 1206 2594 potestatem
1223 2526 1285 2596 pro

147 2625 289 2699 aeterna,
306 2616 355 2686 ita
371 2617 463 2709 quod
475 2639 622 2711 regnum
634 2639 736 2688 suum
749 2617 1007 2688 commendavit
1019 2617 1090 2687 filio
1104 2640 1165 2688 suo
1179 2617 1286 2688 Mou-

143 2735 228 2816 rioo,
243 2741 281 2804 et
293 2734 400 2804 vitam
416 2731 674 2804 heremitalem⁹
690 2734 727 2802 in
744 2734 886 2828 rupibus
899 2732 1088 2828 Dyudirn¹⁰
1104 2733 1210 2827 eoepit
1223 2734 1286 2804 du-

144 2873 234 2921 cere.
285 2850 455 2934 Quicum
477 2856 570 2920 esset
591 2851 628 2919 in
651 2849 723 2919 vita
742 2849 812 2934 illa,
834 2858 1013 2943 coeperunt
1037 2850 1193 2922 Saxones
1215 2859 1285 2923 ter-

144 2964 249 3037 ram¹²
262 2989 362 3037 snum
377 2967 550 3049 invadere,
565 2988 668 3058 super
680 2965 792 3035 filiurn
809 2989 910 3038 suum
928 2965 1144 3052 Mouricum3
1171 2976 1208 3038 et
1224 2969 1283 3052 ita,

143 3082 212 3153 nisi
236 3083 312 3176 ipse
334 3083 427 3154 solus
450 3083 563 3154 adhue
586 3083 636 3152 eis
659 3090 882 3167 succurreret,
910 3083 1002 3175 quod
1027 3079 1169 3155 omnino
1194 3084 1286 3155 filius

143 3222 228 3270 suus
245 3199 290 3269 ab
307 3200 482 3270 extraneis
498 3199 814 3270 exhereditaretur.
864 3198 921 3270 De
934 3224 1003 3292 quo
1019 3201 1180 3271 Teudirio
1192 3201 1285 3272 dice-
1322 3193 1331 3215 ’

143 3317 217 3397 bat,
242 3339 323 3386 oum
345 3337 492 3410 regnum
515 3338 616 3386 suum
639 3322 784 3397 teneret,
803 3316 896 3408 quod
918 3341 1095 3410 nunquam
1112 3318 1224 3388 vietus
1240 3319 1284 3389 ab

142 3431 304 3503 hostibus
320 3431 443 3514 fuerat,
461 3433 522 3503 sed
542 3455 679 3525 semper
695 3432 820 3514 victor3
846 3433 958 3516 etita,
976 3434 1049 3502 visa
1065 3432 1153 3502 faeie
1170 3454 1232 3502 sua
1247 3434 1285 3501 in

142 3547 220 3618 aeie
244 3547 426 3631 bellomm,
453 3549 574 3619 statim
602 3548 720 3620 hostes
745 3549 970 3619 vertebantur
993 3549 1030 3617 in
1055 3547 1183 3641 fugam.
1235 3546 1285 3618 Et

143 3662 289 3756 angelus
315 3663 460 3735 Domini
486 3666 518 3735 ei
544 3665 644 3749 dixit,
674 3673 778 3735 nocte
802 3666 1052 3758 praecendente,
1088 3663 1223 3736 “Vade
1247 3665 1285 3735 in

144 3789 164 3818 ‘⁶
175 3781 326 3850 crastino
338 3781 376 3849 in
389 3781 559 3851 auxilium
575 3777 724 3874 populi¹²
736 3780 816 3864 Dei,
831 3789 951 3852 contra
962 3781 1120 3850 inimicos
1132 3779 1285 3851 eeclesiae

144 3893 321 3979 “Christi3
347 3904 384 3966 et
406 3897 524 3968 hostes
547 3905 685 3968 vertent
708 3897 834 3968 faciem
858 3899 895 3967 in
916 3897 1044 3991 fugam,
1070 3919 1180 3988 usqne
1203 3895 1285 3967 Pull

143 4009 378 4096 “Brochuaih
404 4023 441 4084 et
463 4023 504 4084 tu
527 4023 680 4085 armatus
703 4015 740 4084 in
763 4014 837 4085 acie
859 4014 942 4086 belli
966 4023 1028 4097 sta,
1053 4020 1090 4084 et
1106 4013 1179 4084 visa
1195 4014 1283 4084 facie

142 4137 245 4211 “tua
270 4135 312 4197 ut
331 4130 443 4214 solita,
466 4139 503 4201 et
521 4132 661 4226 cognita
682 4131 820 4201 inibunt
841 4132 878 4201 in
901 4132 1029 4226 fugam.
1081 4129 1130 4199 Et
1152 4139 1281 4223 postea,

143 4255 286 4338 “nsque
302 4246 348 4315 ad
370 4267 466 4317 xxx.
484 4271 601 4332 annos,
619 4271 690 4319 non
706 4247 884 4319 audebunt
906 4249 944 4318 in
966 4255 1123 4339 tempore
1145 4247 1208 4316 filii
1230 4247 1283 4316 tui

175 4595 365 4669 mumma
388 4597 423 4655 0·
462 4600 622 4672 ‘maana
645 4603 678 4658 o.
716 4603 815 4660 ³rmr.
837 4603 871 4658 o.
909 4602 1012 4656 *nsua
1032 4599 1065 4655 o.
1103 4599 1232 4652 tralata.
1252 4595 1287 4651 o,

142 4682 208 4740 ‘Bt‘
226 4685 311 4742 deas.
334 4686 369 4741 0·
409 4685 569 4756 ⁷oyn1m
591 4689 624 4744 0.
663 4691 804 4747 snorum.
823 4690 857 4745 0.
891 4688 1090 4744 meatuum.
1109 4685 1144 4738 0.
1180 4682 1285 4752 ¹⁰nyn-

141 4773 215 4840 dar·
236 4772 270 4828 0.
309 4770 488 4829 flotam,
507 4774 540 4830 o.
577 4775 712 4845 orma
731 4778 764 4834 o.
