3316 5796
525 812 632 862 musa
656 811 916 864 LANDAVENSIS.
1238 797 1286 870 67

136 981 258 1064 libera,
277 989 314 1052 et
330 982 481 1074 integra,
495 986 536 1049 ut
553 979 660 1072 regia;
686 985 724 1048 et
740 1000 821 1049 cum
834 1003 895 1050 suo
909 979 1051 1075 refugio,
1065 1004 1135 1052 non
1148 982 1192 1052 ad
1209 981 1287 1052 fini-

138 1108 220 1168 tum
237 1107 383 1191 tempus,
402 1098 467 1168 sed
485 1099 560 1167 sine
572 1096 731 1177 termino,
745 1095 781 1164 id
795 1105 848 1166 est
865 1098 1031 1188 quamdiu
1044 1098 1191 1168 voluerit
1208 1122 1287 1191 pro-
1418 1099 1420 1103 ’

142 1215 254 1308 lngus
270 1222 412 1286 maneat
430 1221 529 1283 tutus
546 1212 610 1282 sub
623 1212 697 1302 ejus
710 1212 814 1305 asylo,
829 1221 865 1282 et
879 1237 959 1283 cum
973 1215 1063 1284 datis
1076 1217 1284 1307 corporibus,

145 1341 183 1401 et
199 1332 451 1402 commendatis
469 1330 607 1422 Regum
627 1329 737 1398 totius
757 1329 927 1420 parochie
945 1329 1129 1401 Laudaviae
1152 1332 1189 1400 iu
1209 1355 1287 1424 per-

146 1457 257 1541 petuo.
308 1447 522 1519 Parochiam
539 1469 620 1515 vero
638 1446 842 1537 quincentas
858 1447 978 1528 tribus,
1004 1449 1098 1517 sinus
1120 1445 1283 1530 Sabrina,

149 1564 255 1648 Ercic,
278 1573 315 1637 et
332 1560 523 1658 Anercyc,1
545 1587 566 1633 a
583 1561 751 1632 Mochros
768 1584 872 1654 super
889 1563 999 1656 ripam
1017 1562 1098 1656 Guy
1114 1587 1224 1656 usque
1240 1565 1285 1635 ad

145 1681 290 1752 insulam
307 1677 457 1752 Terthi.2
507 1679 556 1750 Et
576 1687 719 1772 propter
735 1681 956 1750 sanctitatem
977 1703 1084 1762 suam,
1107 1688 1143 1750 et
1164 1681 1286 1773 pradi-

145 1799 316 1870 cationem
337 1797 541 1891 praeclaram
558 1796 652 1868 beati
674 1796 829 1888 pastoris,
849 1804 885 1866 et
902 1796 1054 1890 regalem
1071 1797 1286 1888 parentelam

144 1937 248 1998 suam,
275 1915 395 2007 plures
417 1913 571 1984 ecclesiae
593 1934 674 1982 cum
696 1913 765 1982 suis
786 1913 934 1994 dotibus,
961 1913 1113 1995 decimis,
1140 1912 1287 1983 oblatio-

104 2125 105 2128 *
144 2031 252 2114 nibus,
277 2030 475 2123 sepulturis,
500 2029 691 2111 territoriis
716 2037 753 2099 et
770 2028 879 2100 libera
894 2030 1138 2100 communione
1156 2053 1284 2112 earum,

143 2147 233 2217 datae
250 2156 332 2218 sunt
353 2148 419 2218 sibi
437 2144 491 2218 et³
508 2145 661 2216 ccclesiae
679 2144 874 2229 Laudariae,
896 2155 932 2216 et
950 2146 1200 2216 successoribus
1217 2147 1287 2216 suis

144 2263 317 2344 omnibus,
342 2287 363 2334 a
387 2263 545 2356 Regibus
567 2270 603 2334 et
621 2261 841 2355 Principibus
865 2263 974 2333 totius
999 2263 1096 2356 regui
1122 2262 1287 2332 dextralis

146 2377 348 2460 Britannia,
362 2388 396 2450 et
408 2403 491 2450 cum
508 2379 673 2471 praedicta
690 2380 870 2474 dignitate.
923 2379 1106 2449 Statutum
1123 2389 1175 2450 est
1193 2382 1288 2450 enim

146 2493 341 2586 apostolici
361 2497 568 2566 auctoritate
590 2497 688 2566 istius
710 2496 863 2566 ecclesiae
885 2496 1114 2588 privilegium,
1140 2503 1182 2564 ut
1205 2518 1286 2564 cum

146 2633 213 2682 sua
230 2611 406 2705 dignitate,
427 2613 473 2684 ab
491 2614 585 2683 omni
608 2612 778 2683 saecularis
802 2612 932 2684 servitii
954 2613 1153 2706 gravamine
1177 2611 1286 2682 libera

142 2729 182 2798 in
199 2737 376 2821 posterum
392 2737 544 2812 maneat,
562 2738 599 2800 et
616 2731 743 2822 quieta.
795 2729 1020 2820 Quaecunque
1037 2725 1135 2798 vern⁴
1148 2750 1288 2798 conces·

142 2847 240 2917 sione
255 2848 473 2939 pontificum,
487 2846 696 2917 liberalitate
711 2847 916 2940 principum,
931 2845 1106 2915 oblatione
1119 2844 1284 2927 fidelium,

142 2963 198 3034 vel
215 2963 293 3034 aliis
311 2964 418 3054 justis
435 2963 547 3032 modis
565 2963 679 3033 eidem
696 2963 929 3056 pertinebunt,
952 2963 984 3032 ei
1001 2962 1101 3032 firma
1116 2963 1153 3030 in
1170 2971 1286 3054 poste-

141 3103 230 3162 rum,
249 3089 286 3150 et
302 3081 441 3174 integra
457 3087 712 3150 conserventur.
764 3078 988 3171 Quaecunque
1000 3087 1166 3172 praterea
1179 3080 1214 3148 in
1232 3079 1285 3148 fu·

141 3205 262 3266 turum
287 3197 473 3290 (largiente
496 3194 589 3286 Deo)
609 3193 707 3288 juste
729 3218 770 3265 ac
792 3193 956 3265 canonice
978 3197 1107 3287 poterit
1130 3196 1283 3289 adipisci,

142 3315 264 3406 quieta
285 3315 318 3384 ei
344 3337 490 3406 semper,
517 3321 554 3382 et
578 3313 714 3382 illibata
738 3319 972 3405 permaneant.
1025 3311 1286 3402 Decretumque

142 3437 257 3500 estut
278 3429 366 3500 nulli
387 3424 530 3501 omuiud
549 3429 731 3499 hominum
754 3429 858 3499 liceat
878 3429 1079 3521 praedictam
1102 3427 1285 3498 ecclesiam

15 3537 16 3591 l
141 3545 275 3617 temere
292 3547 503 3639 perturbare,
519 3554 579 3615 aut
592 3547 666 3638 ejus
682 3546 912 3639 possessiones
925 3544 1068 3627 auferre,
1084 3543 1139 3614 vel
1151 3543 1284 3614 ablatas

14 3642 16 3689 ²
143 3665 302 3745 retinere,
321 3663 378 3733 vel
395 3665 561 3746 minuere,
579 3662 636 3733 vel
653 3663 846 3733 temerariis
862 3661 1104 3732 vexationibus
1118 3660 1281 3753 'fatigare3

15 3803 17 3823 ¹
141 3789 178 3850 et
196 3780 315 3850 omnia
331 3781 374 3862 ci,
400 3803 482 3850 cum
503 3778 690 3872 parrochiae
706 3779 842 3862 finibus,
869 3785 1123 3848 conserventur.
1174 3775 1284 3870 Siqua

140 3897 249 3990 igitur
267 3897 304 3965 iu
324 3895 483 3966 futurum
499 3896 741 3978 ecclesiastica,
759 3894 1144 3985 saecularisvepersona,
1162 3903 1283 3965 contra

139 4014 230 4086 hauc
247 4010 381 4084 temere
398 4013 515 4083 venire
532 4014 729 4095 tentaverit,
748 4012 908 4094 secunde,
926 4011 1075 4082 tertiove
1092 4011 1282 4081 commoui-

140 4135 222 4215 tasi
234 4154 308 4202 non
317 4130 552 4201 satisfactione
562 4151 714 4224 congrua
723 4129 969 4210 emendaverit,
980 4128 1162 4220 potestatis
1172 4127 1281 4197 hono-
1388 4207 1390 4213 k

141 4251 253 4343 risque
277 4248 332 4318 sui
350 4247 522 4340 dignitate
538 4254 662 4329 careat,
684 4269 849 4338 reamque
871 4268 908 4316 se
930 4245 1046 4314 divino
1065 4243 1199 4335 judicio
1222 4265 1283 4313 ex-

140 4367 240 4438 istere
259 4365 305 4436 de
321 4369 525 4457 perpetrata
540 4363 724 4455 iniquitate
736 4369 936 4458 cognoscat3
962 4368 1000 4431 et
1015 4384 1037 4430 a
1053 4359 1281 4430 sacratissimo

212 4775 361 4829 ¹Anerer'c.
380 4769 416 4825 Ο.
454 4767 565 4823 ’Τείιὴιζ
584 4767 617 4824 Ο.
652 4765 708 4822 ³Et
719 4765 870 4839 suppletur.
890 4765 923 4821 B.
959 4763 1140 4819 ll'erndeest.
1159 4765 1192 4817 0.

700 4879 728 4930 Κ
