3318 5804
715 760 823 816 LIBER
846 763 1105 815 EANDAVENSIS.

692 993 839 1067 (NOBIS
865 993 1133 1066 EPISCOPUS.)

393 1171 521 1252 Nosrs,
540 1165 732 1261 Episcopus
749 1127 1036 1239 nonusdecimus.

683 1464 846 1538 (PATER
869 1463 1139 1540 EPISCOPUS.)

468 1643 649 1714 Eccousm
667 1635 880 1723 Morrruorr,1
900 1659 941 1708 11>
962 1658 1035 1723 mr,
1053 1658 1162 1710 vrum
1179 1638 1353 1713 Gurcou.²

392 1845 539 1940 Nougui
561 1843 650 1925 Rex,
673 1841 766 1912 filius
789 1836 925 1922 Gurict,
948 1841 1097 1912 vastarit
1114 1839 1239 1912 Arcoit
1261 1841 1373 1912 filium
1397 1839 1485 1912 Dis-

343 1963 443 2047 saith,
466 1964 504 2032 in
525 1961 616 2054 podo
634 1958 817 2038 Mainuon,
840 1956 878 2024 in
898 1956 1014 2028 medio
1031 1956 1144 2028 Trilec
1160 1957 1251 2052 podo
1270 1956 1480 2029 Sanctomm

341 2079 512 2161 Dubricii,
529 2075 672 2159 Telisui
690 2083 728 2145 ct
745 2072 903 2145 Oudocei
924 2073 1091 2166 perirem
1108 2097 1215 2157 suom,
1232 2082 1270 2146 et
1292 2074 1405 2145 furore
1425 2071 1483 2142 ni-

340 2197 424 2280 mio,
437 2203 474 2266 et
486 2191 632 2265 rioloto³
644 2198 842 2263 sanctorum
858 2188 1002 2284 refugio,
1016 2189 1208 2283 Episcopus
1221 2190 1327 2262 Pater
1337 2212 1480 2284 congre·

341 2313 438 2408 gavit
450 2311 592 2382 clericos
609 2309 716 2379 totius
733 2304 902 2400 parochie
919 2306 1011 2376 intro
1022 2306 1166 2401 Turotyr
1177 2315 1215 2378 et
1225 2306 1324 2401 Tyui,
1337 2313 1480 2400 propter

340 2430 471 2501 fuctum
487 2428 559 2498 vim
575 2425 754 2518 sacrilegii.
805 2421 855 2492 Et
871 2421 1013 2494 audiens
1031 2422 1176 2518 Nougui
1193 2423 1273 2495 Rex
1289 2424 1481 2494 adventum

342 2545 504 2639 episcopi,
522 2551 558 2614 ct
574 2549 781 2613 conventam
799 2537 979 2632 Syncdum
995 2540 1137 2633 negotio
1154 2539 1332 2634 sacrilegii,
1351 2547 1389 2610 et
1405 2539 1479 2608 vio-

340 2663 405 2736 loti
427 2661 562 2755 refugii,
580 2659 716 2730 venium
739 2656 919 2746 requisivit
939 2657 1032 2749 apud
1052 2656 1195 2727 Patrem
1212 2657 1424 2750 Episcopum
1440 2663 1479 2726 et

341 2785 455 2848 totam
472 2775 640 2870 synodum
657 2774 695 2843 in
711 2770 858 2842 ecclesio
874 2771 1057 2856 Mainuon,
1075 2771 1128 2843 et⁴
1143 2773 1287 2844 redditis
1303 2773 1405 2844 rebus
1422 2794 1479 2842 ec-

342 2893 454 2965 clesiae
471 2890 631 2961 omnibus
647 2911 728 2958 cum
745 2887 989 2973 satisfactione,
1007 2897 1141 2959 etcum
1159 2887 1412 2983 lachrymarum
1428 2886 1480 2958 ef-

341 3009 486 3092 fusione,
515 3027 643 3099 pronus
669 3004 794 3075 cadens
818 3005 1018 3090 interram
1045 3013 1081 3076 et
1106 3005 1188 3076 dcto
1215 3005 1281 3077 sibi
1306 3005 1416 3087 renio,
1442 3010 1480 3074 et

335 3125 460 3219 juncto
487 3122 703 3216 poenitcntio,
732 3119 878 3214 largitus
906 3129 960 3193 est
989 3119 1042 3193 in⁵
1071 3119 1290 3217 eleemosynis
1319 3121 1406 3205 Deo,
1441 3127 1479 3190 et

342 3241 481 3316 Sanctis
498 3239 676 3322 Dubricio,
693 3237 845 3322 Teliauo,
863 3248 900 3309 et
918 3237 1094 3323 Oudocco,
1113 3249 1150 3310 et
1172 3237 1270 3310 Patri
1293 3238 1477 3331 Episcopo,

341 3367 379 3430 ct
395 3358 555 3429 omnibus
572 3357 740 3450 episcopis
757 3354 952 3438 Laudavisc,
970 3355 1089 3426 villum
1106 3354 1278 3440 Guidcon,
1299 3378 1381 3425 cum
1401 3362 1478 3426 toto

340 3499 404 3550 suo
420 3475 604 3556 territorio,
621 3473 740 3557 idest,
757 3495 838 3543 cum
854 3472 966 3543 tribus
983 3473 1109 3543 modiis
1125 3481 1233 3556 torrae,
1251 3480 1288 3543 et
1305 3494 1386 3542 cum
1402 3479 1479 3541 totu

341 3615 404 3664 sua
423 3591 595 3673 libertate,
616 3597 654 3661 et
670 3589 766 3660 omni
785 3589 1029 3660 communione
1051 3590 1088 3658 in
1110 3611 1232 3682 campo
1255 3597 1292 3660 ct
1314 3590 1350 3659 in
1374 3587 1479 3670 silvis,

339 3709 378 3778 in
390 3731 480 3800 oque
492 3716 529 3780 ct
541 3708 578 3776 in
594 3708 739 3799 pascuis.
791 3703 848 3774 De
860 3703 1014 3789 Oleriois,
1028 3712 1136 3776 testes
1148 3713 1239 3788 sunt,
1254 3704 1361 3776 Pater
1377 3704 1479 3798 Epis-

340 3845 457 3915 copus,
481 3822 637 3894 Disssith
659 3821 778 3904 lector,
803 3820 926 3891 Dimin
948 3822 1115 3906 sacerdos,
1133 3822 1300 3918 Congusl,
1323 3821 1477 3916 Equoni·

338 3961 427 4020 mus,
445 3935 641 4009 Leumcrch
662 3937 753 4010 filius
769 3937 870 4020 Tuta,
889 3936 976 4009 Osul
1000 3939 1091 4010 filius
1107 3939 1284 4024 cinuelin3
1310 3941 1354 4010 de
1370 3937 1473 4019 luicis,

340 4049 504 4146 Nougui⁶
534 4052 623 4134 Rex,
654 4051 811 4125 Guorsul
840 4053 931 4126 filius
961 4053 1157 4140 Brechioul,
1184 4055 1360 4127 Edillurth
1383 4052 1474 4124 filius

340 4169 453 4252 Edrit,
472 4167 642 4240 Moilscru
658 4168 750 4240 filius
767 4168 875 4241 Duts
927 4169 1151 4265 Quicunque⁷
1168 4173 1376 4252 custodierit,
1397 4191 1475 4239 cus·

339 4287 453 4358 tcdist
474 4284 575 4355 illum
591 4284 704 4369 Deus;
730 4287 790 4378 qui
806 4310 888 4358 vcro
905 4289 949 4359 ab
966 4287 1113 4361 ecclesii
1135 4288 1320 4361 Londoviae
1341 4309 1477 4380 separa-

338 4404 438 4486 verit,
456 4404 642 4475 anathema
657 4401 712 4473 sit.
762 4400 890 4474 Amen.

375 4616 528 4673 ¹Ecmuoo.
546 4617 581 4673 0.
615 4617 747 4673 ²Guicou.
765 4618 798 4674 Ο.
834 4617 983 4676 ⁸Furcrcm
994 4621 1095 4676 viciato.
1113 4619 1148 4677 0.
1182 4619 1336 4676 *Etdcest
1353 4619 1388 4675 Ο.
1422 4621 1480 4674 ⁶12»

338 4703 421 4760 deest.
440 4704 476 4759 Ο.
511 4704 628 4772 ⁶Nopui.
647 4705 681 4761 Ο.
717 4705 797 4773 ⁷Qui.
815 4705 848 4760 0.
