3318 5804
371 821 439 892 156
740 843 847 892 unsa
871 842 1126 894 munsvsusrs.

749 1039 858 1109 Lanu
873 1037 1116 1109 Bunnnanau.

418 1218 498 1312 lter
510 1239 676 1324 Gurcant,
691 1237 816 1311 Cinvin
832 1235 932 1318 filius,
945 1235 1067 1307 sedens
1083 1257 1185 1328 super
1201 1237 1423 1329 sepulchrum
1438 1266 1498 1336 pa·

369 1357 430 1428 tris
446 1358 508 1440 sui,
523 1354 575 1429 et¹
591 1379 653 1451 pro
666 1355 780 1427 anima
791 1351 893 1436 illius,
907 1351 1003 1422 dedit
1015 1349 1103 1434 Deo,
1117 1359 1154 1422 et
1167 1350 1304 1426 Sanctis
1317 1353 1497 1444 Dubricio,

370 1482 407 1544 et
424 1472 577 1556 Teliauo,
600 1481 638 1542 et
659 1473 695 1541 in
716 1491 822 1540 manu
845 1467 1001 1560 Lunapei
1025 1465 1197 1561 Episcopi,
1221 1470 1351 1563 podum
1374 1471 1499 1546 Sancti

370 1587 584 1684 Budgualan,
602 1610 682 1659 cum
698 1586 830 1657 duabus
845 1585 965 1668 unciis,
983 1592 1020 1655 et
1041 1584 1156 1655 media
1173 1586 1276 1656 uncia
1290 1586 1327 1655 in
1348 1587 1502 1660 circuitu

370 1705 461 1800 podi,
487 1714 524 1777 et
542 1729 622 1776 cum
647 1711 722 1774 tota
746 1701 916 1784 libertate,
942 1702 1015 1772 sine
1040 1701 1154 1793 aliquo
1171 1723 1276 1772 censu
1298 1724 1424 1797 magno
1440 1705 1501 1776 vel

370 1823 514 1906 modico,
536 1821 600 1892 ulli
621 1819 753 1891 homini
772 1826 919 1900 terreno,
943 1817 1010 1887 nisi
1026 1817 1178 1888 ecclesiae
1195 1815 1400 1888 Sanctorum
1421 1819 1500 1890 Du-

371 1939 468 2010 bricii
480 1946 518 2008 ct
532 1937 666 2009 Teliaui
678 1936 722 2006 de
735 1933 913 2005 Laudavia
925 1929 979 2004 et²
995 1934 1031 2002 in
1047 1932 1331 2026 perpetuo—De
1343 1934 1499 2020 Clericis,

369 2062 477 2124 testes
489 2062 579 2136 sunt,
591 2050 789 2144 Lunapeius
797 2049 998 2142 Episcopus,
1010 2048 1310 2144 ComeregAbbas
1322 2050 1499 2136 Mochros,

370 2167 520 2240 Ludnou
540 2169 660 2241 Abbas
678 2165 833 2260 Bolgros,
855 2164 1056 2236 Guordocui
1072 2165 1193 2237 Abbas
1214 2165 1403 2250 Lanndeui,
1420 2166 1501 2238 An-

370 2307 456 2354 auoc
478 2283 659 2379 Magister,
679 2282 810 2353 Bithen
831 2279 996 2374 Princeps
1018 2280 1273 2376 Landougarth,
1297 2281 1501 2356 Guernabui

370 2398 535 2493 Princeps
547 2399 773 2482 Garthbenni,
795 2406 832 2469 et
849 2396 1007 2468 alumnus
1024 2398 1096 2490 ejus
1110 2391 1308 2491 Gurguare:
1332 2400 1376 2470 do
1392 2398 1498 2483 laicis,

372 2514 531 2587 Gurcsnt
543 2515 630 2598 Rex,
642 2513 928 2588 Vebrerselfilius
945 2512 1067 2595 Eifest,
1083 2511 1237 2584 Guordoi
1250 2513 1340 2585 filius
1353 2513 1498 2599 Mabon,

374 2629 723 2704 Gurtauaui.-Finis
739 2627 847 2701 illius³
862 2638 925 2713 est,
943 2628 980 2699 A
992 2629 1082 2700 vado
1094 2627 1264 2701 Selinam⁴
1275 2654 1378 2723 super
1389 2640 1500 2702 trans-

372 2770 518 2830 versum,
535 2771 645 2840 usque
660 2747 697 2817 in
713 2746 855 2818 flumine
871 2769 998 2841 magno
1008 2748 1113 2838 juxta
1129 2744 1277 2815 rivulum
1290 2746 1447 2830 Oirchan,
1460 2748 1499 2818 in

373 2863 519 2932 circuitu
535 2862 685 2932 fluminis
697 2862 788 2956 Guy,
806 2872 901 2934 totus
917 2861 1062 2957 angulus
1079 2863 1178 2933 datus
1194 2870 1248 2933 est
1264 2861 1352 2946 Deo,
1370 2873 1406 2935 et
1423 2862 1500 2934 Du-

372 2976 489 3060 bricio,
507 2985 543 3047 et
556 2976 735 3070 Lunapeio
748 2977 929 3072 Episcopo.
979 2978 1186 3071 Quicunque
1198 2980 1408 3063 custodierit,
1422 3001 1500 3052 cus-

372 3091 483 3162 todiat
502 3092 602 3162 ilium
623 3091 733 3177 Deus3
759 3097 819 3186 qui
839 3104 957 3166 autem
974 3095 1017 3166 ab
1038 3095 1182 3166 ecclesia
1198 3095 1381 3168 Landaviae
1402 3119 1501 3189 sepa-

374 3207 509 3292 raverit,
526 3217 563 3279 et
579 3233 600 3279 a
615 3209 807 3302 pastoribus
824 3212 906 3303 ejus,
924 3211 1108 3282 anathema
1123 3211 1177 3280 sit.

642 3507 942 3581 (COMEREGIUS
966 3508 1228 3581 EPISCOPUS.)

375 3679 483 3752 Lars
504 3682 711 3768 Orsuancn,
732 3705 777 3756 nr
797 3682 906 3755 Lanu
929 3683 1037 3767 Dum,
1060 3705 1105 3754 nr
1126 3679 1234 3754 Laura
1255 3680 1279 3753 J
1282 3701 1434 3766 UNABUI,
1455 3702 1501 3754 nr

423 3795 532 3869 Lanu
545 3799 709 3885 Guscon,
727 3821 772 3872 ns
788 3799 924 3872 Pooou
940 3799 1118 3885 Marnas,
1132 3820 1177 3870 nr
1190 3797 1298 3870 narr
1312 3797 1497 3882 Csncucn,

422 3928 467 3978 nr
483 3909 593 3984 Lsrr
610 3917 763 3988 Onsiuu.

422 4105 518 4178 Sciat
531 4105 640 4180 clerus
652 4122 690 4183 ct
701 4115 847 4206 populus
860 4116 1024 4188 dextralis
1036 4117 1223 4188 Britanniae
1235 4115 1327 4207 quod
1339 4112 1497 4196 ΑΜΒ,

373 4222 452 4295 Rex
469 4222 600 4295 Guenti
616 4229 771 4322 regionis,
790 4230 886 4302 dedit
900 4231 986 4316 Deo,
1003 4243 1040 4305 et
1053 4232 1188 4304 Sanctis
1202 4229 1366 4300 Dubricio
1382 4237 1419 4299 et
1430 4228 1500 4300 Te-

373 4338 474 4424 liauo,
488 4349 524 4412 et
540 4341 577 4411 in
589 4365 694 4414 manu
707 4344 900 4441 Oomegerii
915 4348 1084 4443 Episcopi,
1098 4347 1278 4420 ecclesiam
1291 4345 1498 4438 Cynmarchi

373 4455 530 4550 discipuli
555 4455 675 4531 Sancti
701 4460 867 4547 Dubn'cii,
893 4488 972 4536 cum
997 4474 1073 4537 toto
1092 4465 1263 4536 territorio
1284 4485 1354 4546 suo,
1380 4462 1499 4546 idest,

440 4760 496 4816 ¹Et
507 4763 633 4821 abundat.
652 4767 686 4822 0.
721 4767 778 4822 ’Et
790 4767 870 4824 deest.
889 4770 924 4823 O.
961 4771 1149 4827 ³Iliiacdaest.
1168 4767 1203 4823 0.
1238 4769 1379 4824 *Μίνω
1395 4769 1430 4824 0.
