<?xml version="1.0" encoding="UTF-8"?>
<!DOCTYPE html PUBLIC "-//W3C//DTD XHTML 1.0 Transitional//EN"
    "http://www.w3.org/TR/xhtml1/DTD/xhtml1-transitional.dtd">
<html xmlns="http://www.w3.org/1999/xhtml" xml:lang="en" lang="en">
 <head>
  <title>
</title>
<meta http-equiv="Content-Type" content="text/html;charset=utf-8" />
  <meta name='ocr-system' content='tesseract 3.04.00' />
  <meta name='ocr-capabilities' content='ocr_page ocr_carea ocr_par ocr_line ocrx_word'/>
</head>
<body>
  <div class='ocr_page' id='page_1' title='image "./liberlandavensi00reesgoog_0061.png"; bbox 0 0 3348 5804; ppageno 0'>
   <div class='ocr_carea' id='block_1_1' title="bbox 523 833 1286 904">
    <p class='ocr_par' dir='ltr' id='par_1_1' title="bbox 523 833 1286 904">
     <span class='ocr_line' id='line_1_1' title="bbox 523 833 1286 904; baseline -0.001 -2"><span class='ocrx_word' id='word_1_1' title='bbox 523 853 630 904; x_wconf 81' lang='lat' dir='ltr'>menn</span> <span class='ocrx_word' id='word_1_2' title='bbox 654 851 913 902; x_wconf 75' lang='lat' dir='ltr'>nnnnnvsnsrs.</span> <span class='ocrx_word' id='word_1_3' title='bbox 1264 833 1286 901; x_wconf 84' lang='grc'><strong><em>5</em></strong></span> 
     </span>
    </p>
   </div>
   <div class='ocr_carea' id='block_1_2' title="bbox 147 1015 1287 2394">
    <p class='ocr_par' dir='ltr' id='par_1_2' title="bbox 147 1015 1287 2394">
     <span class='ocr_line' id='line_1_2' title="bbox 152 1015 1287 1112; baseline 0 -23"><span class='ocrx_word' id='word_1_4' title='bbox 152 1020 302 1090; x_wconf 84' lang='lat' dir='ltr'>“tione&#39;’</span> <span class='ocrx_word' id='word_1_5' title='bbox 363 1019 547 1112; x_wconf 77' lang='lat' dir='ltr'>Inquisitio</span> <span class='ocrx_word' id='word_1_6' title='bbox 575 1018 629 1088; x_wconf 91' lang='lat' dir='ltr'>his</span> <span class='ocrx_word' id='word_1_7' title='bbox 657 1019 827 1098; x_wconf 89' lang='lat' dir='ltr'>omnibus,</span> <span class='ocrx_word' id='word_1_8' title='bbox 857 1023 895 1086; x_wconf 89' lang='lat' dir='ltr'>et</span> <span class='ocrx_word' id='word_1_9' title='bbox 923 1016 1043 1088; x_wconf 91' lang='lat' dir='ltr'>multis</span> <span class='ocrx_word' id='word_1_10' title='bbox 1072 1015 1157 1099; x_wconf 88' lang='lat' dir='ltr'>aliis,</span> <span class='ocrx_word' id='word_1_11' title='bbox 1188 1017 1287 1090; x_wconf 88' lang='lat' dir='ltr'>flexis</span> 
     </span>
     <span class='ocr_line' id='line_1_3' title="bbox 149 1133 1287 1230; baseline -0.002 -23"><span class='ocrx_word' id='word_1_12' title='bbox 149 1137 291 1230; x_wconf 82' lang='lat' dir='ltr'>genibus</span> <span class='ocrx_word' id='word_1_13' title='bbox 307 1143 391 1206; x_wconf 91' lang='lat' dir='ltr'>ante</span> <span class='ocrx_word' id='word_1_14' title='bbox 408 1143 569 1206; x_wconf 86' lang='lat' dir='ltr'>sanctum</span> <span class='ocrx_word' id='word_1_15' title='bbox 586 1135 707 1217; x_wconf 83' lang='lat' dir='ltr'>vimm,</span> <span class='ocrx_word' id='word_1_16' title='bbox 734 1157 815 1204; x_wconf 92' lang='lat' dir='ltr'>cum</span> <span class='ocrx_word' id='word_1_17' title='bbox 831 1134 993 1225; x_wconf 75' lang='lat' dir='ltr'>suspiriis,</span> <span class='ocrx_word' id='word_1_18' title='bbox 1019 1141 1056 1204; x_wconf 89' lang='lat' dir='ltr'>et</span> <span class='ocrx_word' id='word_1_19' title='bbox 1073 1156 1153 1204; x_wconf 92' lang='lat' dir='ltr'>oum</span> <span class='ocrx_word' id='word_1_20' title='bbox 1170 1133 1287 1206; x_wconf 88' lang='lat' dir='ltr'>effusis</span> 
     </span>
     <span class='ocr_line' id='line_1_4' title="bbox 150 1251 1286 1346; baseline 0 -24"><span class='ocrx_word' id='word_1_21' title='bbox 150 1253 314 1346; x_wconf 87' lang='lat' dir='ltr'>lacrymis,</span> <span class='ocrx_word' id='word_1_22' title='bbox 337 1255 391 1322; x_wconf 82' lang='lat' dir='ltr'>vir</span> <span class='ocrx_word' id='word_1_23' title='bbox 407 1253 508 1324; x_wconf 85' lang='lat' dir='ltr'>bonae</span> <span class='ocrx_word' id='word_1_24' title='bbox 523 1252 708 1333; x_wconf 79' lang='lat' dir='ltr'>memoriae,</span> <span class='ocrx_word' id='word_1_25' title='bbox 730 1251 852 1320; x_wconf 91' lang='lat' dir='ltr'>doctor</span> <span class='ocrx_word' id='word_1_26' title='bbox 868 1272 1023 1320; x_wconf 92' lang='lat' dir='ltr'>summus</span> <span class='ocrx_word' id='word_1_27' title='bbox 1039 1273 1109 1342; x_wconf 87' lang='lat' dir='ltr'>prae</span> <span class='ocrx_word' id='word_1_28' title='bbox 1126 1253 1286 1322; x_wconf 92' lang='lat' dir='ltr'>omnibus</span> 
     </span>
     <span class='ocr_line' id='line_1_5' title="bbox 150 1363 1287 1462; baseline -0.002 -22"><span class='ocrx_word' id='word_1_29' title='bbox 150 1370 255 1440; x_wconf 89' lang='lat' dir='ltr'>totius</span> <span class='ocrx_word' id='word_1_30' title='bbox 272 1368 418 1452; x_wconf 80' lang='lat' dir='ltr'>Gualiae,</span> <span class='ocrx_word' id='word_1_31' title='bbox 445 1371 576 1462; x_wconf 89' lang='lat' dir='ltr'>peritus</span> <span class='ocrx_word' id='word_1_32' title='bbox 596 1369 633 1437; x_wconf 95' lang='lat' dir='ltr'>in</span> <span class='ocrx_word' id='word_1_33' title='bbox 652 1363 799 1438; x_wconf 68' lang='lat' dir='ltr'>scientiis</span> <span class='ocrx_word' id='word_1_34' title='bbox 814 1367 993 1458; x_wconf 90' lang='lat' dir='ltr'>utriusque</span> <span class='ocrx_word' id='word_1_35' title='bbox 1009 1366 1104 1460; x_wconf 84' lang='lat' dir='ltr'>legis,</span> <span class='ocrx_word' id='word_1_36' title='bbox 1127 1389 1224 1437; x_wconf 82' lang='lat' dir='ltr'>novae</span> <span class='ocrx_word' id='word_1_37' title='bbox 1249 1376 1287 1438; x_wconf 90' lang='lat' dir='ltr'>et</span> 
     </span>
     <span class='ocr_line' id='line_1_6' title="bbox 148 1482 1286 1577; baseline 0.002 -24"><span class='ocrx_word' id='word_1_38' title='bbox 148 1487 282 1568; x_wconf 78' lang='lat' dir='ltr'>veteris,</span> <span class='ocrx_word' id='word_1_39' title='bbox 308 1487 439 1556; x_wconf 78' lang='lat' dir='ltr'>comite</span> <span class='ocrx_word' id='word_1_40' title='bbox 456 1485 563 1556; x_wconf 95' lang='lat' dir='ltr'>nobili</span> <span class='ocrx_word' id='word_1_41' title='bbox 580 1482 768 1577; x_wconf 74' lang='lat' dir='ltr'>parentella,</span> <span class='ocrx_word' id='word_1_42' title='bbox 794 1491 929 1553; x_wconf 91' lang='lat' dir='ltr'>etcum</span> <span class='ocrx_word' id='word_1_43' title='bbox 949 1482 1154 1554; x_wconf 80' lang='lat' dir='ltr'>secularium</span> <span class='ocrx_word' id='word_1_44' title='bbox 1175 1483 1286 1555; x_wconf 90' lang='lat' dir='ltr'>litter-</span> 
     </span>
     <span class='ocr_line' id='line_1_7' title="bbox 147 1595 1286 1696; baseline -0.002 -24"><span class='ocrx_word' id='word_1_45' title='bbox 147 1625 244 1672; x_wconf 85' lang='lat' dir='ltr'>arum</span> <span class='ocrx_word' id='word_1_46' title='bbox 270 1603 461 1696; x_wconf 84' lang='lat' dir='ltr'>sagacitate</span> <span class='ocrx_word' id='word_1_47' title='bbox 486 1609 523 1672; x_wconf 89' lang='lat' dir='ltr'>et</span> <span class='ocrx_word' id='word_1_48' title='bbox 544 1599 679 1694; x_wconf 77' lang='lat' dir='ltr'>peritii,</span> <span class='ocrx_word' id='word_1_49' title='bbox 705 1600 862 1670; x_wconf 79' lang='lat' dir='ltr'>hortatus</span> <span class='ocrx_word' id='word_1_50' title='bbox 883 1607 937 1669; x_wconf 89' lang='lat' dir='ltr'>est</span> <span class='ocrx_word' id='word_1_51' title='bbox 960 1595 1118 1668; x_wconf 93' lang='lat' dir='ltr'>nimium¹</span> <span class='ocrx_word' id='word_1_52' title='bbox 1144 1599 1286 1670; x_wconf 86' lang='lat' dir='ltr'>fratrem</span> 
     </span>
     <span class='ocr_line' id='line_1_8' title="bbox 147 1714 1287 1810; baseline -0.002 -22"><span class='ocrx_word' id='word_1_53' title='bbox 147 1725 185 1788; x_wconf 90' lang='lat' dir='ltr'>ut</span> <span class='ocrx_word' id='word_1_54' title='bbox 200 1718 396 1789; x_wconf 79' lang='lat' dir='ltr'>declararet</span> <span class='ocrx_word' id='word_1_55' title='bbox 413 1719 478 1790; x_wconf 89' lang='lat' dir='ltr'>sibi</span> <span class='ocrx_word' id='word_1_56' title='bbox 497 1719 614 1801; x_wconf 85' lang='lat' dir='ltr'>vitam,</span> <span class='ocrx_word' id='word_1_57' title='bbox 640 1717 792 1787; x_wconf 89' lang='lat' dir='ltr'>humano</span> <span class='ocrx_word' id='word_1_58' title='bbox 808 1715 951 1808; x_wconf 86' lang='lat' dir='ltr'>pectori,</span> <span class='ocrx_word' id='word_1_59' title='bbox 974 1716 1039 1785; x_wconf 93' lang='lat' dir='ltr'>nisi</span> <span class='ocrx_word' id='word_1_60' title='bbox 1057 1714 1145 1798; x_wconf 92' lang='lat' dir='ltr'>Deo,</span> <span class='ocrx_word' id='word_1_61' title='bbox 1169 1717 1287 1810; x_wconf 84' lang='lat' dir='ltr'>incog-</span> 
     </span>
     <span class='ocr_line' id='line_1_9' title="bbox 147 1833 1286 1927; baseline -0.002 -23"><span class='ocrx_word' id='word_1_62' title='bbox 147 1836 267 1905; x_wconf 84' lang='lat' dir='ltr'>nitam.</span> <span class='ocrx_word' id='word_1_63' title='bbox 328 1834 399 1920; x_wconf 88' lang='lat' dir='ltr'>Qui</span> <span class='ocrx_word' id='word_1_64' title='bbox 428 1837 571 1905; x_wconf 90' lang='lat' dir='ltr'>tandem</span> <span class='ocrx_word' id='word_1_65' title='bbox 604 1834 763 1927; x_wconf 88' lang='lat' dir='ltr'>precibus</span> <span class='ocrx_word' id='word_1_66' title='bbox 793 1833 980 1913; x_wconf 87' lang='lat' dir='ltr'>convictus,</span> <span class='ocrx_word' id='word_1_67' title='bbox 1011 1839 1048 1901; x_wconf 90' lang='lat' dir='ltr'>et</span> <span class='ocrx_word' id='word_1_68' title='bbox 1076 1839 1117 1900; x_wconf 92' lang='lat' dir='ltr'>ut</span> <span class='ocrx_word' id='word_1_69' title='bbox 1146 1833 1286 1903; x_wconf 93' lang='lat' dir='ltr'>domino</span> 
     </span>
     <span class='ocr_line' id='line_1_10' title="bbox 148 1946 1287 2046; baseline -0.003 -24"><span class='ocrx_word' id='word_1_70' title='bbox 148 1959 182 2022; x_wconf 87' lang='lat' dir='ltr'>et</span> <span class='ocrx_word' id='word_1_71' title='bbox 221 1952 402 2046; x_wconf 84' lang='lat' dir='ltr'>magistro,</span> <span class='ocrx_word' id='word_1_72' title='bbox 442 1951 630 2022; x_wconf 86' lang='lat' dir='ltr'>declaravit</span> <span class='ocrx_word' id='word_1_73' title='bbox 663 1946 827 2020; x_wconf 70' lang='lat' dir='ltr'>solitam.²</span> <span class='ocrx_word' id='word_1_74' title='bbox 885 1958 905 1988; x_wconf 90' lang='lat'>“</span> <span class='ocrx_word' id='word_1_75' title='bbox 917 1947 1033 2031; x_wconf 93' lang='lat' dir='ltr'>Nunc,</span> <span class='ocrx_word' id='word_1_76' title='bbox 1071 1956 1171 2041; x_wconf 86' lang='lat' dir='ltr'>pater</span> <span class='ocrx_word' id='word_1_77' title='bbox 1206 1949 1287 2019; x_wconf 88' lang='lat' dir='ltr'>kar·</span> 
     </span>
     <span class='ocr_line' id='line_1_11' title="bbox 149 2053 1287 2156; baseline -0.002 -18"><span class='ocrx_word' id='word_1_78' title='bbox 149 2053 320 2150; x_wconf 80' lang='lat' dir='ltr'>“issime‚³</span> <span class='ocrx_word' id='word_1_79' title='bbox 348 2067 460 2138; x_wconf 87' lang='lat' dir='ltr'>refero</span> <span class='ocrx_word' id='word_1_80' title='bbox 489 2069 554 2137; x_wconf 90' lang='lat' dir='ltr'>tibi</span> <span class='ocrx_word' id='word_1_81' title='bbox 583 2067 863 2148; x_wconf 88' lang='lat' dir='ltr'>misericordiam,</span> <span class='ocrx_word' id='word_1_82' title='bbox 882 2086 963 2134; x_wconf 87' lang='lat' dir='ltr'>-non</span> <span class='ocrx_word' id='word_1_83' title='bbox 990 2088 1052 2156; x_wconf 90' lang='lat' dir='ltr'>per</span> <span class='ocrx_word' id='word_1_84' title='bbox 1074 2067 1146 2136; x_wconf 90' lang='lat' dir='ltr'>mei</span> <span class='ocrx_word' id='word_1_85' title='bbox 1169 2067 1287 2136; x_wconf 90' lang='lat' dir='ltr'>miseri</span> 
     </span>
     <span class='ocr_line' id='line_1_12' title="bbox 149 2176 1287 2275; baseline -0.002 -21"><span class='ocrx_word' id='word_1_86' title='bbox 149 2183 355 2255; x_wconf 82' lang='lat' dir='ltr'>“tantillam</span> <span class='ocrx_word' id='word_1_87' title='bbox 379 2185 584 2267; x_wconf 88' lang='lat' dir='ltr'>bonitatem,</span> <span class='ocrx_word' id='word_1_88' title='bbox 614 2185 722 2254; x_wconf 92' lang='lat' dir='ltr'>immo</span> <span class='ocrx_word' id='word_1_89' title='bbox 747 2204 810 2274; x_wconf 91' lang='lat' dir='ltr'>per</span> <span class='ocrx_word' id='word_1_90' title='bbox 837 2176 907 2252; x_wconf 83' lang='lat' dir='ltr'>sui⁴</span> <span class='ocrx_word' id='word_1_91' title='bbox 930 2182 1099 2273; x_wconf 90' lang='lat' dir='ltr'>pietatem</span> <span class='ocrx_word' id='word_1_92' title='bbox 1124 2191 1160 2251; x_wconf 91' lang='lat' dir='ltr'>et</span> <span class='ocrx_word' id='word_1_93' title='bbox 1185 2182 1287 2275; x_wconf 84' lang='lat' dir='ltr'>largi·</span> 
     </span>
     <span class='ocr_line' id='line_1_13' title="bbox 150 2297 1286 2394; baseline -0.002 -24"><span class='ocrx_word' id='word_1_94' title='bbox 150 2311 168 2339; x_wconf 91' lang='lat'>“</span> <span class='ocrx_word' id='word_1_95' title='bbox 176 2302 322 2382; x_wconf 89' lang='lat' dir='ltr'>tionem,</span> <span class='ocrx_word' id='word_1_96' title='bbox 344 2323 480 2394; x_wconf 89' lang='lat' dir='ltr'>semper</span> <span class='ocrx_word' id='word_1_97' title='bbox 501 2298 626 2370; x_wconf 78' lang='lat' dir='ltr'>micbi⁶</span> <span class='ocrx_word' id='word_1_98' title='bbox 648 2300 797 2393; x_wconf 91' lang='lat' dir='ltr'>praebuit</span> <span class='ocrx_word' id='word_1_99' title='bbox 820 2297 983 2380; x_wconf 89' lang='lat' dir='ltr'>solamen,</span> <span class='ocrx_word' id='word_1_100' title='bbox 1007 2300 1116 2368; x_wconf 88' lang='lat' dir='ltr'>sancti</span> <span class='ocrx_word' id='word_1_101' title='bbox 1137 2300 1286 2391; x_wconf 90' lang='lat' dir='ltr'>spiritus,</span> 
     </span>
    </p>
   </div>
   <div class='ocr_carea' id='block_1_3' title="bbox 27 2413 1288 2512">
    <p class='ocr_par' dir='ltr' id='par_1_3' title="bbox 27 2413 1288 2512">
     <span class='ocr_line' id='line_1_14' title="bbox 27 2413 1288 2512; baseline -0.005 -20"><span class='ocrx_word' id='word_1_102' title='bbox 27 2497 28 2506; x_wconf 9' lang='grc' dir='ltr'>χ</span> <span class='ocrx_word' id='word_1_103' title='bbox 149 2425 357 2488; x_wconf 87' lang='lat' dir='ltr'>“sumentes</span> <span class='ocrx_word' id='word_1_104' title='bbox 386 2419 451 2490; x_wconf 91' lang='lat' dir='ltr'>sibi</span> <span class='ocrx_word' id='word_1_105' title='bbox 483 2420 586 2512; x_wconf 91' lang='lat' dir='ltr'>(nutu</span> <span class='ocrx_word' id='word_1_106' title='bbox 618 2415 702 2506; x_wconf 91' lang='lat' dir='ltr'>Dei)</span> <span class='ocrx_word' id='word_1_107' title='bbox 733 2415 995 2486; x_wconf 90' lang='lat' dir='ltr'>similitudinem</span> <span class='ocrx_word' id='word_1_108' title='bbox 1025 2413 1180 2509; x_wconf 81' lang='lat' dir='ltr'>corpore⁶</span> <span class='ocrx_word' id='word_1_109' title='bbox 1208 2417 1288 2486; x_wconf 93' lang='lat' dir='ltr'>sub-</span> 
     </span>
    </p>
   </div>
   <div class='ocr_carea' id='block_1_4' title="bbox 146 2529 1287 4371">
    <p class='ocr_par' dir='ltr' id='par_1_4' title="bbox 146 2529 1287 4371">
     <span class='ocr_line' id='line_1_15' title="bbox 150 2529 1287 2626; baseline 0 -22"><span class='ocrx_word' id='word_1_110' title='bbox 150 2542 167 2572; x_wconf 91' lang='lat'><strong>“</strong></span> <span class='ocrx_word' id='word_1_111' title='bbox 177 2535 326 2616; x_wconf 81' lang='lat' dir='ltr'>stantiae,</span> <span class='ocrx_word' id='word_1_112' title='bbox 352 2535 403 2604; x_wconf 90' lang='lat' dir='ltr'>ita</span> <span class='ocrx_word' id='word_1_113' title='bbox 427 2535 608 2616; x_wconf 90' lang='lat' dir='ltr'>credendo,</span> <span class='ocrx_word' id='word_1_114' title='bbox 634 2541 786 2604; x_wconf 89' lang='lat' dir='ltr'>testante</span> <span class='ocrx_word' id='word_1_115' title='bbox 811 2533 989 2625; x_wconf 88' lang='lat' dir='ltr'>scriptura,</span> <span class='ocrx_word' id='word_1_116' title='bbox 1025 2529 1191 2626; x_wconf 64' lang='lat' dir='ltr'>‘Spiritus</span> <span class='ocrx_word' id='word_1_117' title='bbox 1215 2557 1287 2604; x_wconf 84' lang='lat' dir='ltr'>car·</span> 
     </span>
     <span class='ocr_line' id='line_1_16' title="bbox 150 2647 1287 2733; baseline 0 -13"><span class='ocrx_word' id='word_1_118' title='bbox 150 2659 245 2720; x_wconf 81' lang='lat' dir='ltr'>“nem</span> <span class='ocrx_word' id='word_1_119' title='bbox 278 2657 316 2721; x_wconf 80' lang='lat' dir='ltr'>et</span> <span class='ocrx_word' id='word_1_120' title='bbox 348 2671 421 2720; x_wconf 80' lang='lat' dir='ltr'>oasa</span> <span class='ocrx_word' id='word_1_121' title='bbox 453 2673 520 2720; x_wconf 80' lang='lat' dir='ltr'>non</span> <span class='ocrx_word' id='word_1_122' title='bbox 552 2647 681 2733; x_wconf 78' lang='lat' dir='ltr'>bobet‚&#39;⁷</span> <span class='ocrx_word' id='word_1_123' title='bbox 709 2649 844 2720; x_wconf 87' lang='lat' dir='ltr'>assidue</span> <span class='ocrx_word' id='word_1_124' title='bbox 873 2649 931 2718; x_wconf 93' lang='lat' dir='ltr'>die</span> <span class='ocrx_word' id='word_1_125' title='bbox 963 2671 1004 2717; x_wconf 88' lang='lat' dir='ltr'>ao</span> <span class='ocrx_word' id='word_1_126' title='bbox 1037 2657 1141 2719; x_wconf 87' lang='lat' dir='ltr'>nocte</span> <span class='ocrx_word' id='word_1_127' title='bbox 1169 2651 1287 2720; x_wconf 89' lang='lat' dir='ltr'>minis-</span> 
     </span>
     <span class='ocr_line' id='line_1_17' title="bbox 150 2764 1286 2860; baseline 0 -22"><span class='ocrx_word' id='word_1_128' title='bbox 150 2775 167 2804; x_wconf 86' lang='lat'>‘⁴</span> <span class='ocrx_word' id='word_1_129' title='bbox 177 2775 267 2838; x_wconf 84' lang='lat' dir='ltr'>trunt</span> <span class='ocrx_word' id='word_1_130' title='bbox 297 2766 420 2848; x_wconf 91' lang='lat' dir='ltr'>micbi,</span> <span class='ocrx_word' id='word_1_131' title='bbox 454 2775 496 2836; x_wconf 88' lang='lat' dir='ltr'>nt</span> <span class='ocrx_word' id='word_1_132' title='bbox 525 2767 642 2860; x_wconf 83' lang='lat' dir='ltr'>egenti</span> <span class='ocrx_word' id='word_1_133' title='bbox 675 2789 716 2836; x_wconf 84' lang='lat' dir='ltr'>ac</span> <span class='ocrx_word' id='word_1_134' title='bbox 746 2764 862 2848; x_wconf 90' lang='lat' dir='ltr'>debili,</span> <span class='ocrx_word' id='word_1_135' title='bbox 897 2787 937 2836; x_wconf 89' lang='lat' dir='ltr'>ac</span> <span class='ocrx_word' id='word_1_136' title='bbox 967 2764 1076 2834; x_wconf 85' lang='lat' dir='ltr'>veluti</span> <span class='ocrx_word' id='word_1_137' title='bbox 1109 2767 1221 2859; x_wconf 90' lang='lat' dir='ltr'>posito</span> <span class='ocrx_word' id='word_1_138' title='bbox 1250 2769 1286 2838; x_wconf 92' lang='lat' dir='ltr'>in</span> 
     </span>
     <span class='ocr_line' id='line_1_18' title="bbox 147 2879 1286 2978; baseline 0.004 -26"><span class='ocrx_word' id='word_1_139' title='bbox 147 2884 375 2978; x_wconf 79' lang='lat' dir='ltr'>“naufiagi03</span> <span class='ocrx_word' id='word_1_140' title='bbox 402 2906 549 2976; x_wconf 92' lang='lat' dir='ltr'>quorum</span> <span class='ocrx_word' id='word_1_141' title='bbox 574 2883 880 2964; x_wconf 86' lang='lat' dir='ltr'>administratione,</span> <span class='ocrx_word' id='word_1_142' title='bbox 907 2879 1026 2952; x_wconf 77' lang='lat' dir='ltr'>nichil⁸</span> <span class='ocrx_word' id='word_1_143' title='bbox 1051 2883 1157 2954; x_wconf 93' lang='lat' dir='ltr'>michi</span> <span class='ocrx_word' id='word_1_144' title='bbox 1182 2908 1286 2956; x_wconf 89' lang='lat' dir='ltr'>nosco</span> 
     </span>
     <span class='ocr_line' id='line_1_19' title="bbox 147 2997 1287 3096; baseline 0.004 -28"><span class='ocrx_word' id='word_1_145' title='bbox 147 2999 292 3070; x_wconf 88' lang='lat' dir='ltr'>“deesse</span> <span class='ocrx_word' id='word_1_146' title='bbox 314 3001 557 3093; x_wconf 86' lang='lat' dir='ltr'>prosperitatis</span> <span class='ocrx_word' id='word_1_147' title='bbox 582 3007 619 3070; x_wconf 89' lang='lat' dir='ltr'>et</span> <span class='ocrx_word' id='word_1_148' title='bbox 638 2999 764 3093; x_wconf 86' lang='lat' dir='ltr'>gaudii,</span> <span class='ocrx_word' id='word_1_149' title='bbox 791 2997 899 3068; x_wconf 91' lang='lat' dir='ltr'>nichil</span> <span class='ocrx_word' id='word_1_150' title='bbox 924 2997 1030 3068; x_wconf 92' lang='lat' dir='ltr'>michi</span> <span class='ocrx_word' id='word_1_151' title='bbox 1051 3001 1169 3071; x_wconf 88' lang='lat' dir='ltr'>adesse</span> <span class='ocrx_word' id='word_1_152' title='bbox 1189 3025 1287 3096; x_wconf 86' lang='lat' dir='ltr'>eges-</span> 
     </span>
     <span class='ocr_line' id='line_1_20' title="bbox 150 3113 1287 3212; baseline 0.005 -28"><span class='ocrx_word' id='word_1_153' title='bbox 150 3117 258 3185; x_wconf 87' lang='lat' dir='ltr'>“tatis</span> <span class='ocrx_word' id='word_1_154' title='bbox 282 3123 320 3186; x_wconf 90' lang='lat' dir='ltr'>et</span> <span class='ocrx_word' id='word_1_155' title='bbox 351 3117 524 3208; x_wconf 81' lang='lat' dir='ltr'>penuriae;</span> <span class='ocrx_word' id='word_1_156' title='bbox 559 3138 695 3208; x_wconf 89' lang='lat' dir='ltr'>semper</span> <span class='ocrx_word' id='word_1_157' title='bbox 722 3113 830 3184; x_wconf 89' lang='lat' dir='ltr'>michi</span> <span class='ocrx_word' id='word_1_158' title='bbox 855 3137 936 3184; x_wconf 80' lang='lat' dir='ltr'>vcra</span> <span class='ocrx_word' id='word_1_159' title='bbox 960 3115 1124 3199; x_wconf 87' lang='lat' dir='ltr'>referunt,</span> <span class='ocrx_word' id='word_1_160' title='bbox 1150 3141 1287 3212; x_wconf 89' lang='lat' dir='ltr'>semper</span> 
     </span>
     <span class='ocr_line' id='line_1_21' title="bbox 148 3229 1286 3326; baseline 0.005 -27"><span class='ocrx_word' id='word_1_161' title='bbox 148 3230 281 3300; x_wconf 89' lang='lat' dir='ltr'>“michi</span> <span class='ocrx_word' id='word_1_162' title='bbox 297 3232 400 3323; x_wconf 85' lang='lat' dir='ltr'>justa</span> <span class='ocrx_word' id='word_1_163' title='bbox 418 3233 647 3324; x_wconf 89' lang='lat' dir='ltr'>promittunt;</span> <span class='ocrx_word' id='word_1_164' title='bbox 672 3230 861 3326; x_wconf 84' lang='lat' dir='ltr'>referentes</span> <span class='ocrx_word' id='word_1_165' title='bbox 880 3229 987 3300; x_wconf 84' lang='lat' dir='ltr'>michi</span> <span class='ocrx_word' id='word_1_166' title='bbox 1011 3241 1216 3324; x_wconf 88' lang='lat' dir='ltr'>praesentem</span> <span class='ocrx_word' id='word_1_167' title='bbox 1236 3236 1286 3304; x_wconf 78' lang='lat' dir='ltr'>vi·</span> 
     </span>
     <span class='ocr_line' id='line_1_22' title="bbox 148 3345 1286 3431; baseline 0.004 -15"><span class='ocrx_word' id='word_1_168' title='bbox 148 3357 166 3385; x_wconf 94' lang='lat'><strong>“</strong></span> <span class='ocrx_word' id='word_1_169' title='bbox 175 3354 248 3416; x_wconf 80' lang='lat' dir='ltr'>tam</span> <span class='ocrx_word' id='word_1_170' title='bbox 267 3354 307 3416; x_wconf 89' lang='lat' dir='ltr'>nt</span> <span class='ocrx_word' id='word_1_171' title='bbox 328 3345 397 3417; x_wconf 88' lang='lat' dir='ltr'>flos</span> <span class='ocrx_word' id='word_1_172' title='bbox 413 3347 508 3431; x_wconf 88' lang='lat' dir='ltr'>foeni,</span> <span class='ocrx_word' id='word_1_173' title='bbox 534 3347 687 3418; x_wconf 86' lang='lat' dir='ltr'>futuram</span> <span class='ocrx_word' id='word_1_174' title='bbox 708 3355 749 3416; x_wconf 91' lang='lat' dir='ltr'>ut</span> <span class='ocrx_word' id='word_1_175' title='bbox 766 3347 851 3417; x_wconf 93' lang='lat' dir='ltr'>odor</span> <span class='ocrx_word' id='word_1_176' title='bbox 866 3345 1026 3430; x_wconf 88' lang='lat' dir='ltr'>balsami;</span> <span class='ocrx_word' id='word_1_177' title='bbox 1052 3349 1286 3422; x_wconf 87' lang='lat' dir='ltr'>confortantes</span> 
     </span>
     <span class='ocr_line' id='line_1_23' title="bbox 148 3461 1284 3556; baseline 0.002 -24"><span class='ocrx_word' id='word_1_178' title='bbox 148 3472 218 3534; x_wconf 91' lang='lat' dir='ltr'>“ne</span> <span class='ocrx_word' id='word_1_179' title='bbox 243 3463 409 3534; x_wconf 84' lang='lat' dir='ltr'>deficiam</span> <span class='ocrx_word' id='word_1_180' title='bbox 434 3464 471 3532; x_wconf 93' lang='lat' dir='ltr'>in</span> <span class='ocrx_word' id='word_1_181' title='bbox 496 3461 561 3546; x_wconf 78' lang='lat' dir='ltr'>viai,</span> <span class='ocrx_word' id='word_1_182' title='bbox 589 3471 790 3556; x_wconf 88' lang='lat' dir='ltr'>recepturus</span> <span class='ocrx_word' id='word_1_183' title='bbox 816 3463 952 3532; x_wconf 78' lang='lat' dir='ltr'>devicto</span> <span class='ocrx_word' id='word_1_184' title='bbox 978 3462 1087 3544; x_wconf 87' lang='lat' dir='ltr'>hoste,</span> <span class='ocrx_word' id='word_1_185' title='bbox 1113 3487 1284 3548; x_wconf 88' lang='lat' dir='ltr'>coronam,</span> 
     </span>
     <span class='ocr_line' id='line_1_24' title="bbox 148 3577 1287 3674; baseline 0.003 -26"><span class='ocrx_word' id='word_1_186' title='bbox 148 3587 209 3648; x_wconf 90' lang='lat' dir='ltr'>“et</span> <span class='ocrx_word' id='word_1_187' title='bbox 228 3580 387 3672; x_wconf 72' lang='lat' dir='ltr'>praemio„</span> <span class='ocrx_word' id='word_1_188' title='bbox 440 3577 600 3672; x_wconf 87' lang='lat' dir='ltr'>Seposita</span> <span class='ocrx_word' id='word_1_189' title='bbox 616 3604 637 3650; x_wconf 88' lang='lat' dir='ltr'>a</span> <span class='ocrx_word' id='word_1_190' title='bbox 651 3603 710 3650; x_wconf 89' lang='lat' dir='ltr'>me</span> <span class='ocrx_word' id='word_1_191' title='bbox 727 3602 849 3650; x_wconf 91' lang='lat' dir='ltr'>eorum</span> <span class='ocrx_word' id='word_1_192' title='bbox 865 3579 1126 3660; x_wconf 86' lang='lat' dir='ltr'>coadunatione,</span> <span class='ocrx_word' id='word_1_193' title='bbox 1144 3603 1287 3674; x_wconf 89' lang='lat' dir='ltr'>cognos-</span> 
     </span>
     <span class='ocr_line' id='line_1_25' title="bbox 147 3694 1287 3789; baseline 0.002 -23"><span class='ocrx_word' id='word_1_194' title='bbox 147 3705 272 3767; x_wconf 86' lang='lat' dir='ltr'>“centc</span> <span class='ocrx_word' id='word_1_195' title='bbox 295 3697 383 3766; x_wconf 90' lang='lat' dir='ltr'>illos</span> <span class='ocrx_word' id='word_1_196' title='bbox 404 3717 474 3787; x_wconf 84' lang='lat' dir='ltr'>prae</span> <span class='ocrx_word' id='word_1_197' title='bbox 496 3703 595 3767; x_wconf 86' lang='lat' dir='ltr'>tanta</span> <span class='ocrx_word' id='word_1_198' title='bbox 616 3697 904 3789; x_wconf 79' lang='lat' dir='ltr'>frequentatione,</span> <span class='ocrx_word' id='word_1_199' title='bbox 931 3694 1138 3766; x_wconf 90' lang='lat' dir='ltr'>Dubricium</span> <span class='ocrx_word' id='word_1_200' title='bbox 1159 3695 1287 3768; x_wconf 88' lang='lat' dir='ltr'>Archi-</span> 
     </span>
     <span class='ocr_line' id='line_1_26' title="bbox 147 3810 1287 3907; baseline 0.002 -23"><span class='ocrx_word' id='word_1_201' title='bbox 147 3813 378 3904; x_wconf 84' lang='lat' dir='ltr'>“praesulem&#39;</span> <span class='ocrx_word' id='word_1_202' title='bbox 397 3811 562 3884; x_wconf 87' lang='lat' dir='ltr'>dextralis</span> <span class='ocrx_word' id='word_1_203' title='bbox 599 3812 798 3894; x_wconf 87' lang='lat' dir='ltr'>Britanniae,</span> <span class='ocrx_word' id='word_1_204' title='bbox 838 3810 1023 3882; x_wconf 90' lang='lat' dir='ltr'>Danielem</span> <span class='ocrx_word' id='word_1_205' title='bbox 1056 3810 1287 3907; x_wconf 87' lang='lat' dir='ltr'>Bangorensis</span> 
     </span>
     <span class='ocr_line' id='line_1_27' title="bbox 147 3925 1287 4021; baseline 0.004 -23"><span class='ocrx_word' id='word_1_206' title='bbox 147 3929 327 4000; x_wconf 71' lang='lat' dir='ltr'>“ecclesiae</span> <span class='ocrx_word' id='word_1_207' title='bbox 358 3925 582 4021; x_wconf 88' lang='lat' dir='ltr'>Episcopum,</span> <span class='ocrx_word' id='word_1_208' title='bbox 613 3937 839 4020; x_wconf 89' lang='lat' dir='ltr'>sanctumque</span> <span class='ocrx_word' id='word_1_209' title='bbox 865 3927 1065 4009; x_wconf 83' lang='lat' dir='ltr'>Patemum</span> <span class='ocrx_word' id='word_1_210' title='bbox 1095 3937 1132 3999; x_wconf 89' lang='lat' dir='ltr'>ct</span> <span class='ocrx_word' id='word_1_211' title='bbox 1158 3931 1287 4002; x_wconf 89' lang='lat' dir='ltr'>multos</span> 
     </span>
     <span class='ocr_line' id='line_1_28' title="bbox 147 4043 1287 4138; baseline 0.004 -24"><span class='ocrx_word' id='word_1_212' title='bbox 147 4043 266 4128; x_wconf 70' lang='lat' dir='ltr'>“alios</span> <span class='ocrx_word' id='word_1_213' title='bbox 281 4067 437 4137; x_wconf 91' lang='lat' dir='ltr'>quorum</span> <span class='ocrx_word' id='word_1_214' title='bbox 450 4067 592 4138; x_wconf 87' lang='lat' dir='ltr'>corpora</span> <span class='ocrx_word' id='word_1_215' title='bbox 607 4045 672 4116; x_wconf 88' lang='lat' dir='ltr'>bac</span> <span class='ocrx_word' id='word_1_216' title='bbox 689 4043 803 4115; x_wconf 65' lang='lat' dir='ltr'>insule</span> <span class='ocrx_word' id='word_1_217' title='bbox 819 4043 955 4137; x_wconf 88' lang='lat' dir='ltr'>sepulta</span> <span class='ocrx_word' id='word_1_218' title='bbox 970 4051 1071 4128; x_wconf 83' lang='lat' dir='ltr'>srmt;</span> <span class='ocrx_word' id='word_1_219' title='bbox 1097 4046 1182 4116; x_wconf 89' lang='lat' dir='ltr'>dicit</span> <span class='ocrx_word' id='word_1_220' title='bbox 1198 4071 1287 4120; x_wconf 88' lang='lat' dir='ltr'>unus</span> 
     </span>
     <span class='ocr_line' id='line_1_29' title="bbox 146 4159 1287 4245; baseline 0.004 -15"><span class='ocrx_word' id='word_1_221' title='bbox 146 4169 164 4198; x_wconf 82' lang='lat'>‘⁶</span> <span class='ocrx_word' id='word_1_222' title='bbox 173 4160 312 4230; x_wconf 88' lang='lat' dir='ltr'>illorum</span> <span class='ocrx_word' id='word_1_223' title='bbox 330 4159 504 4231; x_wconf 72' lang='lat' dir='ltr'>alterutri</span> <span class='ocrx_word' id='word_1_224' title='bbox 518 4162 603 4245; x_wconf 88' lang='lat' dir='ltr'>vice,</span> <span class='ocrx_word' id='word_1_225' title='bbox 623 4161 739 4233; x_wconf 88' lang='lat' dir='ltr'>‘Vade</span> <span class='ocrx_word' id='word_1_226' title='bbox 756 4161 793 4230; x_wconf 95' lang='lat' dir='ltr'>in</span> <span class='ocrx_word' id='word_1_227' title='bbox 810 4161 957 4231; x_wconf 86' lang='lat' dir='ltr'>crastino</span> <span class='ocrx_word' id='word_1_228' title='bbox 974 4162 1018 4230; x_wconf 87' lang='lat' dir='ltr'>ad</span> <span class='ocrx_word' id='word_1_229' title='bbox 1035 4160 1172 4233; x_wconf 84' lang='lat' dir='ltr'>foveam</span> <span class='ocrx_word' id='word_1_230' title='bbox 1185 4163 1287 4235; x_wconf 89' lang='lat' dir='ltr'>Greit</span> 
     </span>
     <span class='ocr_line' id='line_1_30' title="bbox 147 4275 1287 4371; baseline 0.004 -24"><span class='ocrx_word' id='word_1_231' title='bbox 147 4285 164 4314; x_wconf 82' lang='lat'>‘⁶</span> <span class='ocrx_word' id='word_1_232' title='bbox 173 4278 393 4359; x_wconf 79' lang='lat' dir='ltr'>confessoris,</span> <span class='ocrx_word' id='word_1_233' title='bbox 417 4279 516 4348; x_wconf 87' lang='lat' dir='ltr'>nobis</span> <span class='ocrx_word' id='word_1_234' title='bbox 533 4280 728 4371; x_wconf 80' lang='lat' dir='ltr'>cognitam3</span> <span class='ocrx_word' id='word_1_235' title='bbox 755 4286 792 4347; x_wconf 91' lang='lat' dir='ltr'>et</span> <span class='ocrx_word' id='word_1_236' title='bbox 809 4277 857 4346; x_wconf 95' lang='lat' dir='ltr'>ibi</span> <span class='ocrx_word' id='word_1_237' title='bbox 875 4275 1039 4371; x_wconf 84' lang='lat' dir='ltr'>fatigatus</span> <span class='ocrx_word' id='word_1_238' title='bbox 1054 4277 1188 4363; x_wconf 88' lang='lat' dir='ltr'>itinere,</span> <span class='ocrx_word' id='word_1_239' title='bbox 1212 4303 1287 4352; x_wconf 84' lang='lat' dir='ltr'>ora-</span> 
     </span>
    </p>
   </div>
   <div class='ocr_carea' id='block_1_5' title="bbox 144 4545 1288 4793">
    <p class='ocr_par' dir='ltr' id='par_1_5' title="bbox 144 4545 1288 4793">
     <span class='ocr_line' id='line_1_31' title="bbox 178 4545 1288 4616; baseline 0.004 -14"><span class='ocrx_word' id='word_1_240' title='bbox 178 4557 185 4582; x_wconf 95' lang='lat'>¹</span> <span class='ocrx_word' id='word_1_241' title='bbox 196 4548 228 4602; x_wconf 93' lang='lat' dir='ltr'>Id</span> <span class='ocrx_word' id='word_1_242' title='bbox 240 4553 282 4603; x_wconf 86' lang='lat' dir='ltr'>est</span> <span class='ocrx_word' id='word_1_243' title='bbox 294 4550 469 4604; x_wconf 71' lang='lat' dir='ltr'>veliementer.</span> <span class='ocrx_word' id='word_1_244' title='bbox 481 4545 515 4601; x_wconf 91' lang='lat' dir='ltr'>B.</span> <span class='ocrx_word' id='word_1_245' title='bbox 550 4549 622 4616; x_wconf 70' lang='lat' dir='ltr'>’Sic</span> <span class='ocrx_word' id='word_1_246' title='bbox 635 4547 829 4602; x_wconf 82' lang='lat' dir='ltr'>subintellectis</span> <span class='ocrx_word' id='word_1_247' title='bbox 840 4547 888 4600; x_wconf 70' lang='lat' dir='ltr'>atta·</span> <span class='ocrx_word' id='word_1_248' title='bbox 896 4549 976 4600; x_wconf 80' lang='lat' dir='ltr'>citam</span> <span class='ocrx_word' id='word_1_249' title='bbox 988 4545 1132 4602; x_wconf 84' lang='lat' dir='ltr'>vocabulis.</span> <span class='ocrx_word' id='word_1_250' title='bbox 1144 4547 1179 4602; x_wconf 87' lang='lat' dir='ltr'>B.</span> <span class='ocrx_word' id='word_1_251' title='bbox 1213 4549 1288 4606; x_wconf 76' lang='lat' dir='ltr'>’Pro</span> 
     </span>
     <span class='ocr_line' id='line_1_32' title="bbox 145 4631 1287 4705; baseline 0.004 -17"><span class='ocrx_word' id='word_1_252' title='bbox 145 4635 298 4690; x_wconf 59' lang='lat' dir='ltr'>damam</span> <span class='ocrx_word' id='word_1_253' title='bbox 317 4635 355 4688; x_wconf 84' lang='lat' dir='ltr'>E.</span> <span class='ocrx_word' id='word_1_254' title='bbox 393 4633 470 4688; x_wconf 79' lang='lat' dir='ltr'>‘Pro</span> <span class='ocrx_word' id='word_1_255' title='bbox 488 4651 572 4689; x_wconf 74' lang='lat' dir='ltr'>mum.</span> <span class='ocrx_word' id='word_1_256' title='bbox 590 4635 624 4691; x_wconf 87' lang='lat' dir='ltr'>E.</span> <span class='ocrx_word' id='word_1_257' title='bbox 659 4634 714 4688; x_wconf 80' lang='lat' dir='ltr'>⁵In</span> <span class='ocrx_word' id='word_1_258' title='bbox 725 4633 777 4688; x_wconf 91' lang='lat' dir='ltr'>hoc</span> <span class='ocrx_word' id='word_1_259' title='bbox 788 4638 816 4688; x_wconf 89' lang='lat' dir='ltr'>et</span> <span class='ocrx_word' id='word_1_260' title='bbox 827 4631 962 4688; x_wconf 87' lang='lat' dir='ltr'>aliislocis</span> <span class='ocrx_word' id='word_1_261' title='bbox 973 4633 1078 4701; x_wconf 89' lang='lat' dir='ltr'>codicis,</span> <span class='ocrx_word' id='word_1_262' title='bbox 1096 4651 1145 4705; x_wconf 88' lang='lat' dir='ltr'>pro</span> <span class='ocrx_word' id='word_1_263' title='bbox 1161 4637 1234 4690; x_wconf 74' lang='lat' dir='ltr'>mibi.</span> <span class='ocrx_word' id='word_1_264' title='bbox 1253 4637 1287 4694; x_wconf 85' lang='lat' dir='ltr'>E.</span> 
     </span>
     <span class='ocr_line' id='line_1_33' title="bbox 144 4718 1288 4793; baseline 0.004 -19"><span class='ocrx_word' id='word_1_265' title='bbox 144 4718 214 4774; x_wconf 82' lang='lat' dir='ltr'>&#39;Pro</span> <span class='ocrx_word' id='word_1_266' title='bbox 231 4738 373 4789; x_wconf 65' lang='lat' dir='ltr'>coeperam</span> <span class='ocrx_word' id='word_1_267' title='bbox 393 4719 428 4774; x_wconf 89' lang='grc' dir='ltr'>Β.</span> <span class='ocrx_word' id='word_1_268' title='bbox 463 4718 562 4775; x_wconf 80' lang='lat' dir='ltr'>⁷anoe</span> <span class='ocrx_word' id='word_1_269' title='bbox 579 4721 748 4793; x_wconf 78' lang='lat' dir='ltr'>evangelium</span> <span class='ocrx_word' id='word_1_270' title='bbox 764 4721 842 4775; x_wconf 83' lang='lat' dir='ltr'>xxiv.</span> <span class='ocrx_word' id='word_1_271' title='bbox 855 4721 898 4775; x_wconf 81' lang='lat'>39.</span> <span class='ocrx_word' id='word_1_272' title='bbox 917 4719 950 4776; x_wconf 90' lang='grc' dir='ltr'>Β.</span> <span class='ocrx_word' id='word_1_273' title='bbox 986 4719 1288 4780; x_wconf 71' lang='lat' dir='ltr'>&#39;Inhocctuliislocis</span> 
     </span>
    </p>
   </div>
   <div class='ocr_carea' id='block_1_6' title="bbox 147 4805 463 4879">
    <p class='ocr_par' dir='ltr' id='par_1_6' title="bbox 147 4805 463 4879">
     <span class='ocr_line' id='line_1_34' title="bbox 147 4805 463 4879; baseline -0.003 -17"><span class='ocrx_word' id='word_1_274' title='bbox 147 4805 245 4877; x_wconf 71' lang='lat' dir='ltr'>oodicb,</span> <span class='ocrx_word' id='word_1_275' title='bbox 263 4825 316 4879; x_wconf 91' lang='lat' dir='ltr'>pro</span> <span class='ocrx_word' id='word_1_276' title='bbox 328 4807 410 4860; x_wconf 69' lang='lat' dir='ltr'>ailad.</span> <span class='ocrx_word' id='word_1_277' title='bbox 429 4805 463 4861; x_wconf 84' lang='lat' dir='ltr'>E.</span> 
     </span>
    </p>
   </div>
   <div class='ocr_carea' id='block_1_7' title="bbox 0 0 1678 5804">
    <p class='ocr_par' dir='ltr' id='par_1_7' title="bbox 0 0 1678 5804">
     <span class='ocr_line' id='line_1_35' title="bbox 0 0 1678 5804; baseline 0 0"><span class='ocrx_word' id='word_1_278' title='bbox 0 0 1678 5804; x_wconf 95' lang='lat' dir='ltr'> </span> 
     </span>
    </p>
   </div>
  </div>
 </body>
</html>
