3318 5804
375 819 448 892 238
747 834 855 885 nrnnu
879 833 1137 888 munuvurrsrs

472 1005 553 1078 Rex
565 1001 724 1096 Edgurus
735 999 916 1071 advocarit
928 997 1059 1074 Huwel
1071 999 1138 1085 Da,
1147 1009 1186 1073 et
1199 999 1355 1100 Morgen
1363 1002 1457 1088 Heu,
1468 1013 1505 1076 et

471 1121 582 1192 filium
598 1140 699 1190 suum
712 1115 883 1209 Huweyn,
908 1115 954 1186 ud
966 1117 1097 1194 curiam
1109 1141 1222 1202 suam3
1243 1129 1280 1192 et
1292 1121 1343 1194 ibi
1355 1121 1392 1194 iu
1403 1119 1505 1215 pleno

471 1235 626 1319 concilio,
648 1233 728 1306 Rex
749 1231 906 1328 Edgurus
925 1234 1088 1304 tractarit
1108 1233 1152 1304 do
1171 1231 1369 1329 litigatione
1389 1239 1507 1309 ambo·

471 1376 563 1438 rum;
581 1361 618 1424 et
630 1358 805 1444 repertum
817 1356 870 1420 est
880 1349 977 1442 justo
983 1349 1117 1442 judicio
1130 1351 1233 1422 eurise
1245 1351 1353 1446 Regis
1366 1351 1507 1448 Edgnri,

471 1471 565 1564 quod
582 1467 712 1539 Huwel
728 1445 786 1537 Da
801 1467 961 1558 nequiter
972 1466 1099 1560 egisset
1115 1475 1236 1540 contro
1248 1466 1400 1562 Morgen
1412 1468 1508 1552 Hen,

473 1597 510 1661 et
529 1587 641 1658 filium
663 1606 764 1656 suum
786 1581 962 1674 Huweyn3
988 1591 1026 1653 et
1048 1583 1211 1676 depulsus
1231 1592 1285 1656 est
1301 1582 1430 1656 Huwel
1449 1583 1511 1655 Da

473 1707 517 1776 eb
528 1703 582 1774 his
594 1702 727 1774 duobus
739 1700 849 1782 terris,
862 1697 994 1770 sedicet
1007 1697 1181 1783 Istrediu¹
1198 1709 1237 1771 et
1253 1699 1360 1774 Euius
1375 1701 1412 1770 in
1427 1723 1511 1793 per-

472 1827 627 1914 petuum,
652 1818 727 1890 sine
750 1816 1020 1908 recuperatione.
1071 1814 1122 1887 Et
1144 1824 1265 1910 posteo
1289 1817 1370 1890 Rex
1391 1815 1512 1912 Edger

474 1936 579 2019 dedit,
605 1943 643 2005 et
667 1933 836 2004 concessit
859 1929 1022 2002 Huweno
1046 1931 1119 2002 filio
1145 1932 1298 2029 Morgon
1323 1931 1408 2006 Heu
1431 1932 1508 2004 illus

473 2054 559 2124 dues
575 2059 693 2133 terras,
706 2048 870 2120 uidelicet
886 2047 1047 2118 Istrudiw
1063 2056 1102 2120 et
1113 2047 1230 2134 Euius,
1247 2051 1455 2122 nominatim
1471 2051 1509 2120 in

472 2169 673 2262 episcopatu
684 2165 869 2236 Lundeviae
881 2165 1096 2248 constitutus,
1110 2166 1213 2236 sicuti
1225 2189 1323 2238 suom
1335 2166 1509 2260 propriam

470 2285 724 2367 hoereditatem
750 2290 787 2353 et
802 2281 880 2352 illas
892 2281 1031 2353 eosdem
1042 2281 1128 2353 duos
1144 2290 1252 2354 terres
1269 2283 1334 2356 sibi
1351 2289 1389 2356 et
1404 2282 1512 2353 hoere-

473 2402 575 2473 dibus
596 2402 666 2473 suis
687 2423 750 2493 per
764 2393 937 2470 chnrtam²
953 2420 1052 2469 suum
1070 2399 1145 2470 sine
1160 2397 1350 2472 oulumnic⁸
1366 2399 1511 2491 alicujus

473 2519 603 2590 terreni
623 2516 774 2588 hominis
789 2515 1014 2586 confirmavit.
1065 2513 1253 2588 Communi
1269 2540 1351 2588 voro
1368 2540 1509 2590 assensu

474 2643 512 2706 et
520 2633 721 2707 testimonio
729 2629 1508 2728 omniumArohiepiscoporumEpiscoporum,

473 2759 511 2822 et
527 2749 720 2833 Abbutum,
737 2748 926 2832 Comitum,
944 2755 984 2819 et
999 2745 1177 2820 Beronum
1193 2750 1301 2820 totius
1317 2747 1456 2846 Angliae
1473 2757 1511 2820 et

474 2865 615 2938 Wulliae
637 2867 769 2936 fectum
791 2873 859 2948 est3
886 2871 923 2936 et
945 2863 1037 2956 quod
1059 2864 1265 2936 maledictum
1281 2873 1373 2937 esset
1392 2889 1414 2937 e
1430 2863 1509 2938 Deo

472 2980 587 3064 Patre,
605 2984 666 3073 qui
686 2979 763 3052 illus
783 2981 869 3052 dues
890 2988 1000 3052 terras
1015 3004 1037 3051 u
1053 2981 1206 3052 dominio
1223 2980 1454 3077 Morgnnnuc,
1471 2991 1510 3054 et

470 3096 632 3190 parochie
649 3096 834 3169 Lundaviae
850 3119 1004 3190 unquam
1020 3105 1204 3192 separaret,
1220 3106 1258 3169 et
1270 3099 1364 3191 quod
1380 3098 1508 3169 iterum

469 3213 674 3286 benedictus
694 3214 786 3286 foret
801 3239 823 3287 a
838 3213 993 3285 Domino
1009 3212 1098 3285 Jesu
1114 3213 1263 3298 Christo,
1281 3216 1341 3308 qui
1362 3215 1429 3286 hoc
1445 3215 1508 3287 ob-

469 3338 630 3415 servaret,
643 3340 681 3402 et
697 3340 856 3404 ocunoto
867 3330 998 3426 populo
1014 3329 1211 3402 Christiano
1227 3353 1249 3401 e
1263 3332 1378 3416 modo,
1395 3339 1433 3402 et
1448 3354 1507 3402 us-

471 3471 539 3542 qne
560 3449 598 3518 in
619 3449 878 3542 sempiternum.
928 3444 1058 3518 Amen.
1109 3446 1255 3540 Insuper
1272 3449 1397 3520 scitote
1414 3448 1507 3541 quod

470 3564 606 3637 ehurto⁴
625 3566 687 3637 ille
708 3588 784 3660 que
804 3565 866 3637 illo
889 3565 946 3636 die
966 3564 1060 3635 fectu
1080 3563 1157 3648 fuit,
1181 3573 1219 3636 et
1240 3567 1368 3658 scriptu
1390 3587 1507 3636 corum

471 3681 570 3777 Rege
583 3681 721 3779 Edguro
736 3683 774 3753 in
790 3682 893 3776 pleno
909 3679 1057 3752 concilio
1073 3701 1145 3764 suo,
1162 3680 1200 3750 in
1215 3679 1397 3754 ecclesium
1415 3679 1507 3752 Len·

469 3799 655 3872 davensem
671 3801 828 3895 deposita
843 3806 907 3870 est.
957 3797 1098 3870 anete.

423 4031 563 4104 Mouric
580 4033 660 4104 Rex
677 4032 787 4104 Gulst
804 4032 978 4115 Morcont,
998 4030 1090 4103 filius
1111 4028 1231 4112 Hiuel,
1248 4029 1399 4102 reddidit
1414 4029 1501 4113 Deo,

372 4156 410 4219 et
427 4145 564 4218 Sanctis
580 4147 758 4232 Dubricio‚
774 4149 928 4233 Telieuo,
941 4155 978 4219 et
991 4145 1168 4231 Oudoceo,
1185 4153 1223 4216 et
1237 4144 1391 4239 Josepho
1404 4143 1503 4238 Epie-

373 4287 469 4358 copo,
487 4270 524 4333 et
537 4261 712 4334 omnibus⁵
727 4265 930 4356 presulibus
945 4264 1139 4346 Lsndnvioe,
1153 4261 1236 4334 ville
1248 4259 1339 4333 Eleu
1351 4261 1502 4332 ablatem

372 4381 525 4453 eoelesioe
548 4379 733 4452 Lenduviae
755 4381 905 4472 quedam
930 4380 1043 4453 luiceli
1067 4377 1253 4464 invasione,
1278 4385 1417 4450 etcum
1441 4399 1506 4452 sum

407 4711 565 4768 ¹Yetrudur'.
589 4712 624 4768 0.
658 4711 899 4772 ’suomet
924 4715 962 4772 Η.
996 4711 1289 4781 micorum
1314 4709 1354 4766 Η.
1389 4709 1507 4769 tsicO.

371 4805 453 4855 cartu.
472 4799 510 4855 H.
544 4801 690 4856 rumorum
707 4800 789 4858 deest.
807 4800 843 4859 0.
