3318 5804
379 753 453 828 226
752 777 861 830 umen
885 779 1144 834 nauosvunsrs.

379 944 468 1028 Deo,
481 952 518 1016 et
536 941 674 1015 Sanctis
691 941 869 1029 Dubricio,
882 945 1035 1030 Teliauo,
1054 956 1091 1018 et
1107 946 1285 1035 Oudoceo,
1303 959 1340 1023 et
1356 952 1394 1022 in
1409 975 1511 1024 manu

378 1055 611 1134 Oimeiiliauo¹
634 1057 807 1153 Episcopi,
831 1068 869 1131 et
891 1063 1051 1133 omnibus
1068 1065 1238 1156 episcopis
1255 1066 1451 1153 Landosia,
1476 1079 1512 1141 et

377 1199 458 1252 cum
478 1183 556 1248 tota
574 1175 746 1260 libertate,
772 1183 810 1247 et
834 1177 930 1248 omni
955 1179 1199 1250 communione
1223 1181 1307 1253 data
1331 1184 1455 1258 incolis
1478 1187 1513 1256 in

377 1316 500 1387 campo
517 1300 554 1363 et
570 1292 607 1362 in
623 1291 727 1376 silvis,
743 1291 781 1363 in
797 1315 887 1385 oqua
903 1302 941 1365 et
958 1294 996 1364 in
1012 1295 1157 1388 pascuis,
1175 1303 1214 1367 et
1230 1319 1311 1367 cum
1328 1298 1440 1374 libem
1456 1325 1514 1396 ap-

374 1410 562 1506 plicatione
578 1411 720 1481 navium
743 1410 781 1480 in
805 1411 894 1481 ostio
918 1409 1051 1495 Taroci,
1076 1419 1115 1482 et
1138 1433 1220 1482 cum
1244 1414 1419 1487 coretibus
1445 1419 1516 1489 suis

375 1527 547 1612 omnibus,
565 1528 639 1599 sine
654 1525 727 1598 ullo
743 1549 850 1598 censu
864 1527 929 1597 ulii
950 1527 1084 1598 homini
1107 1537 1256 1614 terreno,
1276 1531 1342 1600 nisi
1359 1532 1518 1606 ecclesiae

375 1643 571 1729 Laudaviae,
597 1651 635 1716 ct
658 1645 853 1737 pastoribus
878 1645 952 1737 ejus
976 1644 1014 1716 in
1038 1653 1218 1740 perpetuo.
1278 1645 1334 1719 De
1359 1647 1519 1734 Clericis,

373 1769 484 1836 testes
504 1770 585 1834 sunt
605 1760 811 1833 Oiucilliauc
831 1759 1033 1856 Episcopus,
1051 1762 1222 1858 Oatguen,
1238 1761 1369 1848 Aceru,
1385 1763 1517 1851 Tuteh,

376 1877 530 1964 Guinda3
556 1879 601 1950 de
617 1877 722 1962 laicis,
740 1876 941 1951 Brochmail
958 1879 1048 1963 Rex,
1066 1877 1231 1965 Branuid,
1250 1879 1355 1965 Iliud,
1377 1879 1517 1967 Cinuin,

374 1992 473 2079 Nud‚
492 1994 614 2090 Legui,
633 1993 820 2066 Hesmunt.
872 1991 1098 2088 Quicunque¹
1114 1997 1328 2079 custodierit,
1350 1997 1396 2068 sit
1415 1997 1518 2068 abso-

374 2110 470 2182 lutus
491 2134 514 2182 a
533 2119 757 2205 peccatorum
779 2108 911 2196 sorde3³
934 2111 996 2205 qui
1014 2119 1135 2183 autem
1151 2113 1196 2184 ab
1213 2111 1361 2184 ccclesia
1377 2111 1517 2184 Lando-

373 2229 438 2300 viae
454 2228 673 2322 separaverit,
690 2227 877 2300 anathema
892 2228 948 2299 sit.
998 2225 1128 2300 Amen.
1180 2227 1278 2300 Finis
1294 2227 1434 2300 illamm
1449 2237 1515 2314 est,

372 2342 475 2440 Aper
489 2345 600 2416 taroci
615 2343 768 2416 maliduc
779 2351 876 2415 taroc
887 2344 937 2416 ari
946 2344 1000 2416 hit
1008 2344 1072 2415 bet
1083 2346 1200 2438 ipcut,
1212 2343 1366 2415 maliduc
1382 2345 1413 2415 ir
1427 2353 1516 2438 pant

374 2485 438 2557 per
448 2463 605 2534 medium
617 2461 751 2533 diuinid
766 2462 829 2533 bet
845 2462 858 2533 i
873 2459 969 2533 blain
981 2460 1035 2532 dir
1046 2484 1129 2532 cruc
1145 2463 1183 2534 in
1198 2460 1248 2532 fin
1264 2460 1338 2532 tref
1348 2483 1457 2554 peren
1470 2461 1516 2532 ad

374 2580 535 2652 dextram
548 2579 602 2649 dir
613 2601 695 2650 cmc
704 2577 798 2661 crull,
812 2601 852 2650 or
861 2578 1514 2672 omcdircamoufintrefperemorcorn

375 2679 1514 2791 diciliddiguoiretbetimorhafrencumcoretibussuis‚etanfrooti·

374 2809 1514 2905 busnavium,oumapplicationeliberainostioTarooiubiincepit.

424 3039 630 3116 Sciendum⁴
645 3051 702 3115 est
717 3044 811 3136 qnod
833 3042 967 3140 Hiugel
988 3045 1078 3130 Rex,
1096 3043 1189 3115 filino
1206 3043 1280 3128 Ris,
1298 3043 1443 3140 largitus
1460 3052 1516 3116 est

372 3161 411 3232 in
434 3158 645 3231 eleemosina
668 3158 809 3231 Ermint
829 3168 867 3232 et
883 3161 1067 3246 Cathoroc,
1087 3161 1178 3232 filios
1194 3158 1342 3245 Gremio,
1364 3160 1454 3244 Deo,
1477 3169 1516 3233 et

373 3275 512 3350 Sanctis
528 3275 707 3362 Dubricio,
724 3277 878 3363 Teliauo,
896 3287 934 3350 et
951 3277 1128 3362 oudooeo,
1150 3285 1188 3348 et
1205 3277 1381 3373 Episcopo
1396 3277 1516 3349 Oinei-

373 3394 475 3479 liauc,
500 3401 538 3464 et
556 3394 715 3465 omnibus
732 3395 901 3490 episcopis
926 3395 1124 3479 Laudaviae,
1149 3417 1231 3465 cum
1255 3394 1326 3466 suis
1351 3395 1514 3466 omnibus

372 3513 476 3586 rebus
487 3511 525 3582 in
537 3519 764 3605 perpetuast
780 3534 861 3582 cum
874 3512 969 3584 omni
986 3511 1235 3594 sualibertate3
1261 3519 1299 3582 et
1314 3533 1378 3604 pro
1395 3510 1514 3582 anima

371 3628 491 3701 uxoris
510 3651 581 3700 sue
597 3625 718 3712 Leuci,
735 3635 773 3700 et
788 3629 969 3700 animabus
989 3627 1143 3700 filiorum
1163 3647 1315 3710 suorum,
1333 3633 1371 3698 et
1394 3624 1514 3698 Yuein

372 3752 410 3815 ot
426 3741 602 3829 Arthuail,
624 3752 662 3817 et
680 3744 831 3816 filiorum
852 3743 1081 3828 Ermithridh,
1103 3753 1141 3816 ot
1162 3742 1271 3828 Nest3
1296 3750 1432 3814 etcum
1451 3765 1513 3814 sua

371 3866 449 3931 tota
468 3861 642 3956 progenie,
663 3861 701 3932 in
721 3861 931 3956 sempiterna
951 3861 1119 3934 servitute
1140 3859 1295 3932 ecclesie
1314 3857 1510 3931 Laudaviae.

372 3973 429 4046 De
446 3975 599 4060 Clericis,
623 3983 732 4049 testes
756 3987 839 4051 sunt
862 3976 1068 4050 Oineilliauc
1086 3976 1288 4073 Episcopus,
1307 3973 1424 4058 Asser,
1442 3973 1511 4043 Tu·

371 4089 467 4172 thed,
477 4089 874 4185 Bleinguid,Judnerth;
892 4096 936 4167 de
946 4094 1042 4168 laicis
1052 4119 1144 4178 vcro,
1155 4092 1290 4188 Hiugel
1301 4091 1389 4174 Rex,
1401 4088 1511 4160 Meir-

371 4205 507 4289 chiaun,
525 4205 683 4278 Gucaun.
735 4208 960 4306 Quicunquo²
976 4212 1190 4296 custodierit,
1217 4209 1263 4281 sit
1287 4206 1463 4280 absolutus
1487 4228 1529 4302 av

370 4331 593 4418 peccatomm
604 4323 714 4409 sorde,
728 4325 788 4418 qui
800 4349 882 4400 vero
895 4328 1086 4413 violaverit,
1099 4327 1286 4401 anathema
1298 4325 1352 4400 sit.
1378 4319 1511 4394 Amen.

405 4645 591 4704 ²Giuailltoco.
612 4647 647 4704 Ο.
682 4649 769 4711 ’tna
790 4651 829 4708 0.
863 4649 1020 4710 ⁸Gustodiot
1036 4653 1111 4710 {Hom
1128 4653 1209 4709 noo.
1228 4650 1263 4710 O.
1299 4648 1389 4708 *1120
1407 4647 1517 4706 donatio

370 4750 425 4789 non
441 4733 524 4791 habet
541 4735 665 4794 titulum.
684 4735 718 4794 E.
