3336 5810
383 723 455 796 278
853 737 1049 786 arraumx.

384 932 488 1003 quam
500 910 593 980 fama
606 904 825 1000 largitatisac
837 904 1019 997 probitatis
1032 901 1124 974 illius
1136 926 1197 996 per
1207 913 1382 976 extremos
1395 904 1513 974 mundi

384 1026 540 1096 cardines
552 1022 730 1117 divulgata
741 1029 842 1103 esset,
860 1043 900 1090 ac
917 1020 982 1092 sibi
999 1020 1149 1090 diversas
1164 1022 1325 1092 naciones
1342 1021 1425 1091 dhis
1440 1044 1514 1114 pre-

384 1141 439 1211 liis
455 1148 492 1212 et
504 1139 768 1234 fatigacionibus
787 1136 1011 1230 subjugasset,
1029 1137 1309 1230 archiepiscopos,
1327 1137 1511 1230 episcopos,

384 1279 491 1350 reges,
502 1255 682 1349 principes,
696 1261 734 1324 et
746 1254 851 1323 duces
864 1252 928 1323 sibi
942 1252 1107 1335 subditos,
1119 1253 1162 1323 ad
1172 1252 1307 1324 Urbem
1320 1252 1513 1346 [regionum

383 1373 594 1443 unanimiter
606 1371 689 1440 fecit
701 1392 899 1452 convocare,
912 1377 950 1439 et
963 1369 1092 1439 ibidem
1109 1392 1273 1463 magnam
1288 1369 1513 1439 festivitatem

385 1488 608 1559 Pentecostes
617 1485 859 1557 venerabiliter
866 1483 1049 1568 celebrare,
1059 1485 1184 1578 quibus
1192 1486 1369 1556 accercitis
1377 1493 1415 1555 et
1423 1506 1515 1554 com-

383 1603 497 1698 pletis,
522 1611 688 1674 vocantur
710 1602 826 1671 cuncti
850 1603 910 1694 qui
932 1602 965 1671 ei
989 1609 1131 1694 propter
1146 1601 1293 1672 honores
1311 1601 1515 1693 obsequium

384 1722 593 1815 prestabant,
617 1718 769 1813 singulos
792 1716 935 1811 siugulis
956 1718 1225 1810 possessionibus
1247 1717 1436 1789 honorifice
1456 1718 1516 1786 do-

383 1839 482 1921 tavit,
505 1845 543 1907 et
561 1838 609 1906 sic
626 1834 769 1906 licencia
785 1834 897 1927 petita
913 1841 950 1904 et
967 1833 1120 1916 obtenta
1137 1857 1257 1905 omues
1275 1841 1312 1905 et
1328 1831 1454 1927 singuli
1472 1831 1514 1902 ad

383 1954 521 2047 propria
537 1973 617 2021 cum
633 1949 759 2045 gaudio
775 1957 983 2020 remeanmt.

433 2066 466 2158 {l
489 2067 676 2138 Dubricius
692 2089 773 2136 vero
796 2067 952 2136 senciens
974 2089 1011 2136 se
1035 2067 1130 2137 senio
1150 2075 1340 2160 gravatum,
1358 2064 1517 2136 salutatis

383 2185 555 2267 fininibus,
569 2206 643 2254 sese
655 2184 700 2255 ab
712 2181 993 2276 archiepiscopali
1007 2183 1175 2276 deposuit.
1227 2182 1411 2268 Quendam
1423 2183 1517 2252 insu-

384 2303 454 2372 lam
471 2297 575 2372 infr-2¹
596 2322 691 2371 mare
713 2296 943 2369 Hibernioum
962 2300 1074 2383 sitam,
1095 2323 1163 2393 que
1179 2301 1285 2370 distat
1307 2307 1437 2369 eterra
1456 2321 1517 2392 per

384 2418 536 2512 quinque
547 2415 703 2498 miliaria,
715 2414 896 2486 Carnbrice
909 2424 1032 2487 vocata
1045 2413 1139 2510 Enys
1152 2415 1256 2500 Eulli,
1271 2414 1421 2509 Anglice
1434 2439 1515 2485 vero

383 2532 558 2616 Bardesei‚
572 2529 676 2604 iniia¹
693 2555 797 2624 quam
810 2531 933 2626 viginti
951 2532 1049 2603 milia
1065 2555 1206 2626 corpora
1222 2540 1419 2603 sanctorum
1433 2538 1515 2601 sunt

382 2651 536 2722 humata
587 2647 712 2741 Ibique
732 2648 768 2717 in
785 2647 920 2740 vigiliis,
938 2648 1089 2740 jejuniis,
1110 2658 1147 2719 et
1170 2647 1385 2720 oracionibus
1406 2671 1516 2741 usque

384 2769 428 2838 ad
451 2776 648 2837 extremum
665 2765 759 2834 diem
775 2765 847 2834 vite
869 2787 931 2835 sue
954 2764 1191 2836 heremiticam
1214 2766 1322 2835 vitam
1344 2763 1455 2847 duxit,
1479 2771 1518 2833 et

383 2890 463 2976 post
479 2883 559 2950 vita
576 2881 677 2971 hujus
694 2902 841 2964 cursum,
865 2880 996 2951 ibidem
1019 2881 1206 2952 honorifice
1228 2880 1382 2974 sepultus
1405 2877 1518 2973 etlin-

384 3006 439 3068 ter
455 3004 591 3068 sanctos
612 2997 724 3089 primo
742 3006 1031 3068 communeratus.
1082 2997 1231 3069 D.c.x11.
1253 3019 1341 3068 anno
1361 2998 1517 3067 incarna-

383 3114 492 3183 cionis
509 3111 657 3182 Domini.
669 3113 831 3206 migravit
848 3114 892 3184 ad
910 3112 1112 3184 Dominum.

434 3225 468 3320 il
485 3227 534 3298 Et
554 3237 722 3298 n⁰.c.xx⁰.
747 3252 837 3299 auno
858 3230 1045 3302 translatus
1068 3238 1121 3302 est
1142 3232 1187 3302 ab
1207 3232 1319 3302 insula
1339 3230 1434 3301 Eulli
1454 3253 1519 3323 per

385 3345 569 3417 Urbanum
599 3339 861 3417 Laudiveusem
892 3346 1103 3440 Episcopum
1128 3348 1171 3418 ad
1201 3346 1393 3418 Ecclesiam
1418 3368 1518 3417 snam

385 3461 646 3533 Laudaveusem
669 3483 707 3532 x.
731 3462 958 3534 kalendarum
977 3465 1105 3534 mensis
1121 3461 1229 3534 Junii.

435 3575 469 3670 il
486 3578 571 3648 Post
588 3602 669 3650 vero
686 3579 820 3652 dictum
833 3579 1050 3663 Dubricium,
1067 3580 1210 3652 illustris
1223 3582 1379 3653 sacerdos
1392 3579 1519 3674 Thely-

385 3717 446 3766 aus
469 3696 505 3764 in
530 3704 713 3788 pastorem,
738 3704 775 3767 et
798 3694 1008 3789 Episcopum
1031 3695 1189 3769 Ecclesia
1211 3697 1445 3768 landavensis
1466 3705 1520 3767 est

384 3810 598 3979 publimatus,
629 3812 725 3905 cujus
752 3834 865 3884 mores
884 3821 922 3883 et
947 3820 1045 3884 actus
1068 3812 1257 3887 laudabiles
1278 3814 1429 3886 reddunt
1450 3813 1521 3884 his-

402 3933 472 3980 one
474 3963 724 3983 .....

864 4166 934 4223 ¹sic.
970 4167 1040 4224 ²Sic.
