3318 5804
377 793 446 864 186
744 810 852 862 mauu
875 808 1133 862 muuavmrsrs.

757 1008 938 1080 Murram
954 1008 1126 1081 Omrauc.

423 1208 448 1282 J
449 1209 566 1282 udhail
579 1210 669 1282 filius
682 1214 856 1298 Moroaut,
870 1213 950 1284 Rex
955 1212 1137 1297 Gleuissio,
1151 1214 1255 1286 verbo
1267 1215 1420 1286 filiorum
1433 1215 1506 1308 ejus

375 1328 536 1401 Femuail
558 1337 595 1402 et
618 1330 767 1416 Mourio,
785 1340 822 1402 et
843 1331 1147 1415 haereditariorum,
1170 1355 1336 1403 consensu
1359 1331 1506 1405 Judhail

375 1459 412 1520 et
433 1447 598 1532 Fraudur,
619 1449 812 1520 immolavit
835 1447 923 1530 Deo,
941 1455 978 1519 ot
1000 1447 1138 1519 Sanctis
1155 1447 1330 1532 Dubrieio,
1347 1447 1504 1535 Teliauo,

374 1572 412 1636 et
427 1563 602 1648 Oudoceo,
620 1573 657 1637 et
673 1565 833 1637 Olitauoo
854 1565 1006 1658 martyri,
1024 1572 1061 1635 et
1083 1563 1300 1659 Borthguiuo
1317 1563 1504 1660 Episcopo,

374 1688 411 1752 et
430 1681 590 1752 omnibus
611 1681 792 1775 Episoopis
813 1677 1021 1763 Laudarier,1
1041 1689 1158 1752 totum
1179 1679 1390 1752 territorium
1404 1681 1505 1754 Mer-

373 1797 446 1869 thir
467 1795 614 1880 Clitaue,
640 1799 730 1869 siout
753 1797 877 1868 melius
902 1797 984 1868 data
1008 1796 1075 1868 fuit
1099 1797 1242 1891 martyli
1267 1795 1437 1882 Clitauoo,
1467 1809 1506 1872 et

372 1914 484 1986 tribus
500 1914 687 1998 heremitis,
705 1913 840 1997 Libiau,
858 1911 1012 1996 Guruan,
1030 1912 1172 1996 Cinuur,
1189 1913 1310 2005 primis
1331 1913 1507 1986 habitato-

373 2031 477 2114 ribus,
491 2037 528 2101 et
540 2029 729 2103 cultoribus
744 2031 837 2101 illius
848 2029 916 2101 loci
932 2037 1011 2122 post
1027 2029 1231 2122 martyrium
1244 2028 1392 2100 Clitauoi
1412 2054 1506 2102 mar-

375 2149 473 2241 tyris3
498 2155 535 2218 et
551 2171 632 2218 oum
648 2170 710 2218 sua
720 2155 798 2218 tota
813 2147 984 2228 libertate,
998 2153 1035 2217 et
1049 2144 1143 2216 omni
1155 2147 1407 2230 communione,
1421 2147 1505 2219 data

375 2265 506 2348 ineolis,
527 2271 564 2334 et
584 2264 800 2346 habitaturis,
821 2264 858 2332 in
880 2284 1002 2355 eampo
1019 2269 1056 2332 et
1076 2261 1114 2331 in
1130 2259 1233 2342 silvis,
1250 2260 1288 2330 in
1309 2285 1399 2354 aqua
1415 2270 1452 2334 et
1468 2265 1506 2336 in

375 2381 524 2474 pascuis3
549 2387 587 2450 et
602 2380 676 2451 sine
691 2378 764 2451 ullo
780 2401 885 2449 ceusu
900 2401 1027 2472 magno
1043 2376 1101 2448 vel
1120 2377 1267 2460 modico,
1288 2377 1353 2448 ulli
1373 2379 1506 2452 homini

376 2505 523 2580 terreno,
541 2495 607 2567 nisi
623 2494 776 2567 eeclesia
793 2493 988 2578 Laudarier,
1006 2501 1043 2565 et
1059 2493 1254 2587 pastoribus
1277 2491 1369 2586 ejus²
1380 2495 1417 2565 in
1429 2521 1507 2590 per-

376 2622 497 2707 petu03
522 2620 559 2683 et
576 2612 673 2704 quasi
694 2611 843 2682 insulam
863 2611 1011 2704 positam
1033 2611 1071 2679 in
1091 2609 1172 2692 salo,
1190 2609 1334 2680 liberam
1351 2611 1395 2682 ab
1413 2615 1507 2685 omni

375 2731 523 2811 servitio,
541 2735 578 2799 et
595 2729 668 2798 sine
683 2727 828 2810 haerede,
849 2727 916 2797 nisi
932 2727 975 2798 ari
993 2724 1218 2808 voluntatem,
1232 2734 1269 2797 et
1291 2724 1355 2798 ad³
1375 2730 1508 2830 utilita-

375 2855 449 2918 tem
460 2844 623 2937 Episcopi
633 2841 826 2927 Landoviae,
848 2851 885 2914 et
906 2841 1158 2915 canonicorum
1167 2842 1321 2935 ejusdem
1338 2845 1507 2931 eoelesiae;

377 2969 510 3034 etcum
526 2960 608 3029 dato
625 2958 758 3053 refugio
780 2960 825 3030 ad
846 2959 1063 3031 voluntatem
1084 2959 1230 3054 profugi,
1252 2960 1326 3030 sine
1346 2964 1507 3047 termino,

377 3075 541 3171 quamdiu
556 3096 758 3168 permanere
774 3075 922 3148 voluerit
939 3084 1037 3148 tutus
1049 3085 1226 3148 remaneat
1238 3077 1302 3148 sub
1315 3077 1389 3170 ejus
1401 3078 1507 3174 asylo,

376 3217 417 3266 so
429 3194 459 3264 si
470 3201 561 3263 esset
572 3192 610 3261 in
623 3188 808 3263 Laudarier
820 3193 1021 3286 patrocinio.
1057 3191 1115 3264 De
1128 3191 1280 3277 Oleriois,
1299 3202 1408 3267 testes
1426 3204 1508 3267 sunt

377 3307 613 3403 Berthguinus
629 3307 830 3403 Episcopus,
848 3309 973 3405 Dagon
988 3307 1111 3382 Abbas
1128 3307 1295 3381 Carbani⁴
1314 3311 1423 3395 vallis,
1446 3311 1509 3384 El-

377 3429 459 3525 goid
475 3425 597 3497 Abbas
614 3423 734 3509 Ilduti,
757 3425 886 3498 Saturn
908 3425 1030 3498 Abbas
1053 3425 1225 3509 Doounni,
1248 3424 1373 3511 Jouan,
1392 3427 1509 3502 Guor·

330 3523 336 3533 '
378 3540 1509 3636 cuum,Hefigud,1u;delusis,tumulaexmmejusrer-

377 3661 472 3734 nuail
496 3667 534 3731 et
559 3658 708 3743 Mourio,
734 3657 877 3732 Judhail
906 3667 943 3731 et
972 3658 1129 3731 Freudur
1155 3659 1372 3745 hereditarii,
1400 3660 1506 3746 Elfin,

379 3778 519 3859 Mabsu,
540 3773 668 3859 Oonuo,
690 3773 878 3862 Gaudbiu⁵
897 3773 1072 3860 Gundou⁶
1089 3771 1252 3860 audoni!
1274 3775 1504 3850 Guaiduerth.

378 3889 602 3983 Quicunque⁸
624 3893 835 3977 custodierit,
857 3893 1030 3965 custodiat
1051 3892 1152 3963 illum
1175 3890 1287 3979 Deus3
1312 3896 1372 3988 qui
1388 3904 1507 3967 autem
1548 3973 1553 3984 ,

378 4009 422 4080 ab
447 4004 592 4078 ecclesis
617 4005 802 4080 Laudaviae
826 4011 1044 4105 separaverit,
1070 4010 1255 4082 anathema
1271 4011 1325 4082 sit.
1375 4009 1505 4082 Amen.

380 4124 475 4196 Finis
490 4121 583 4192 illius
599 4130 662 4204 est,
681 4121 786 4217 Lapis
800 4127 967 4222 iniguoun
983 4127 1098 4199 breith
1115 4127 1127 4196 i
1144 4127 1242 4198 oecin
1264 4127 1365 4197 inihit
1380 4127 1469 4196 dirui
1493 4129 1507 4198 i

379 4261 510 4321 eurum,
528 4236 581 4307 dir
596 4238 715 4308 maini
731 4241 828 4312 oecin
844 4244 945 4329 iralt,
957 4245 1047 4315 arbit
1057 4244 1155 4316 ceoin
1166 4243 1298 4314 diuinid
1314 4243 1373 4314 bet
1384 4242 1396 4312 i
1408 4243 1507 4315 mein

416 4576 1051 4650 ¹Snaarortt1oejmtneertaatandaosae.0.
1087 4580 1355 4652 ’sumamma
1374 4585 1412 4642 H.
1447 4586 1512 4642 'Ad

380 4663 517 4806 ἓὲἶιὸθ.
534 4665 936 4822 rgcg'oamnim'fl'
971 4675 1124 4731 ‘Gradiui
1145 4670 1180 4726 Ο.
1215 4671 1398 4744 fluorem,
1433 4674 1510 4731 ⁷Ea·
