3316 5796
500 838 608 890 trena
632 837 892 888 nsunnvnnsrs.
1196 817 1263 886 121

120 1025 225 1118 copia
240 1023 390 1093 filiorum
408 1033 448 1093 et
466 1023 591 1116 inopia,
609 1033 646 1093 et
663 1025 805 1092 inantea
821 1022 948 1115 quidve
961 1022 1145 1117 agendum.
1197 1020 1267 1090 Be-

122 1151 204 1210 atus
216 1140 362 1222 Teliaus,
376 1136 501 1210 audita
516 1139 581 1209 sibi
598 1140 664 1208 bac
680 1148 755 1208 tam
768 1137 914 1231 queruli
929 1139 1153 1232 requisitione
1166 1137 1266 1220 dixit,

125 1267 146 1296 “
157 1256 303 1327 Nullam
316 1257 423 1327 aliam
437 1278 577 1326 causam
591 1255 689 1325 vobis
702 1254 803 1325 video
817 1256 861 1326 ad
874 1257 1073 1326 evitandam
1086 1254 1191 1347 prolis
1204 1255 1268 1324 foe-

126 1375 351 1456 cunditatem,
376 1373 445 1444 nisi
467 1381 508 1442 ut
531 1396 552 1443 a
573 1369 779 1442 carnalitate
802 1373 906 1442 ambo
925 1371 1135 1442 abstineatis.
1187 1370 1268 1455 Quo

127 1491 254 1574 audite,
276 1497 511 1583 percepemmt
528 1489 592 1560 sibi
612 1489 680 1559 hoc
697 1489 879 1559 consilium
897 1511 972 1559 esse
989 1488 1268 1571 saluberrimum

127 1616 161 1677 et
185 1630 250 1699 per
274 1615 413 1698 septem
436 1627 545 1675 annos
570 1606 822 1676 abstinuerunt.
873 1605 945 1689 Qui
967 1627 1047 1676 cum
1070 1606 1121 1675 ita
1143 1613 1268 1686 essent,

125 1722 283 1793 relutiin
301 1723 542 1815 desperatione
559 1744 695 1815 semper
711 1723 852 1792 inantea
871 1722 985 1814 prolis,
1004 1720 1107 1792 simul
1125 1727 1270 1813 peccato

10 1889 12 1910 .
126 1863 186 1910 suo
203 1847 415 1910 annuerunt.
467 1837 639 1930 Concepit
656 1838 783 1909 mulier
800 1846 836 1909 et
856 1838 994 1930 peperit
1011 1845 1146 1930 septem
1165 1836 1270 1918 filios3

127 1956 235 2026 etita
258 1953 428 2049 pagan0s¹
451 1963 678 2047 portaverunt
701 1977 760 2025 eos
777 1977 895 2025 versus
917 1953 1085 2024 Sanctum
1102 1950 1269 2035 Teliamn,

10 2143 11 2152 ἶ
126 2082 164 2142 et
180 2073 349 2154 dicentes,
376 2070 507 2142 “Malo
525 2072 640 2142 omine
657 2072 851 2163 recepimus
868 2069 1050 2141 consilium
1068 2068 1189 2140 Sancti
1205 2065 1270 2140 lle-

129 2200 148 2228 “
159 2189 254 2270 liaui,
266 2187 360 2258 male
373 2188 482 2258 etiam
499 2211 618 2258 sumus
631 2185 790 2258 oneratil
862 2187 940 2258 Nos
957 2189 1097 2280 quidem
1115 2210 1174 2258 eos
1190 2187 1271 2256 sub-

128 2315 356 2396 “mergamus
366 2305 401 2373 in
412 2327 511 2396 aqua,
530 2313 591 2374 aut
609 2305 717 2375 etiam
732 2305 799 2374 sibi
815 2304 1108 2385 commendamus,
1126 2311 1271 2396 accepta

129 2420 226 2490 “sibi
235 2443 354 2489 eorum
361 2420 473 2491 cura.''
502 2417 716 2493 Transeunte
729 2430 848 2492 autem
867 2417 1041 2516 (eventu³)
1060 2419 1191 2490 Sancto
1207 2417 1272 2491 Te-

129 2539 227 2607 liauo
240 2538 403 2628 perviam
420 2561 529 2632 suam,
547 2538 682 2608 invenit
698 2547 835 2631 patrem
851 2537 991 2606 illorum
1008 2537 1044 2605 in
1058 2535 1271 2629 Rytsinetic⁴

127 2677 235 2746 super
251 2649 319 2724 Tar
329 2652 460 2724 flumen
476 2654 565 2724 filios
582 2677 662 2725 suos
676 2655 858 2749 (suadente
876 2650 1040 2742 Diab010)
1054 2661 1272 2746 mergentem

127 2769 331 2864 singulatim
352 2772 390 2839 in
411 2770 565 2853 flumine,
587 2779 729 2864 propter
748 2771 902 2864 inopiam
918 2793 1017 2842 suam
1035 2778 1072 2841 et
1088 2778 1272 2863 pauperta-

128 2899 211 2960 tem.
264 2887 402 2962 Videns
416 2889 567 2961 Sanctus
579 2886 716 2961 l'eliaus
729 2899 803 2961 tam
816 2891 1011 2961 execrabile
1024 2912 1119 2984 opus,
1137 2890 1274 2981 accepit

128 3029 188 3078 eos
204 3005 361 3100 singulos
377 3007 570 3088 semivivos,
589 3013 626 3077 et
642 3007 833 3099 baptizavit
849 3005 925 3078 e0s⁵
942 3009 977 3076 in
994 3008 1135 3078 nomine
1148 3005 1272 3089 Patris,

129 3133 165 3194 et
179 3122 272 3205 Filii,
286 3130 324 3193 et
337 3121 490 3215 Spiritbs
503 3122 635 3206 Sancti,
650 3145 730 3194 cunr
743 3124 932 3217 gratiarum
946 3124 1092 3195 actione.
1132 3121 1274 3193 Ablatis

127 3240 207 3310 filiis
225 3249 361 3333 septem
378 3241 469 3332 patri
487 3241 635 3323 funesto,
654 3241 707 3310 vir
722 3262 857 3334 magnae
880 3242 1021 3333 pietatis
1039 3241 1186 3310 nutrivit
1203 3263 1272 3322 eoa,

128 3365 165 3426 et
182 3357 228 3427 ad
245 3357 402 3426 studium
419 3357 599 3427 literarum
616 3358 722 3440 misit,
741 3380 828 3449 quos
843 3359 882 3427 in
897 3358 989 3450 podo
1007 3381 1069 3427 suo
1087 3355 1273 3428 Lanteliau

129 3472 273 3555 dimisit,
291 3481 332 3542 ut
348 3473 424 3544 aliis
442 3475 583 3566 quidem
605 3483 745 3566 sumpto
768 3473 845 3544 loco
862 3474 1004 3545 nomine
1021 3471 1272 3566 Laudyfrguyr,

129 3589 285 3681 eoquod
306 3588 403 3659 nullo
424 3589 492 3660 ulio
509 3591 606 3661 victu
623 3591 787 3662 vivebant
809 3591 870 3684 (ob
891 3589 1088 3682 religiosam
1109 3610 1207 3658 suam
1225 3587 1274 3657 vi·

128 3705 219 3795 tam)
237 3705 305 3775 nisi
321 3706 505 3798 aquatibus
521 3707 682 3799 piscibus,
697 3714 734 3778 et
750 3708 795 3777 ad
812 3706 948 3776 numeri
965 3729 1086 3776 eorum
1103 3703 1275 3774 sufficien-

126 3824 217 3892 tiam
228 3819 609 3916 V11.⁶quotidie,⁷super
621 3846 745 3894 saxum
758 3847 877 3906 unum,
892 3831 1032 3914 sumpto
1045 3822 1111 3892 sibi
1123 3821 1273 3903 nomine,

124 3939 163 4008 id
177 3945 234 4008 est
248 3935 346 4007 Lech
358 3939 518 4010 meneich
535 3941 573 4008 in
588 3936 657 4011 Taf
668 3939 822 4022 flumine,
836 3963 858 4010 a
875 3937 953 4009 Deo
970 3938 1035 4009 sibi
1052 3938 1173 4009 missis.
1226 3936 1276 4007 Et

124 4057 260 4125 iterum
277 4054 356 4124 ideo
373 4057 487 4126 vocati
504 4063 586 4126 sunt
604 4054 743 4149 Dufuyr
758 4079 855 4150 guyn,
873 4078 916 4127 eo
933 4055 1026 4148 quod
1043 4055 1176 4126 inventi
1194 4063 1276 4126 sunt

124 4172 162 4240 in
180 4193 284 4262 aqua,
302 4177 340 4240 et
355 4186 420 4263 per
435 4193 562 4264 aquam
575 4173 678 4254 evasi,
696 4180 734 4242 et
747 4171 791 4243 de
803 4173 972 4264 aquaticis
988 4172 1140 4264 piscibus
1152 4194 1276 4264 procu-

124 4288 209 4368 rati;
238 4285 380 4380 Dui'uyr
395 4311 492 4382 guyr,
506 4289 541 4358 id
555 4296 609 4359 est
626 4287 829 4359 Britannico
843 4311 1010 4370 sermone,
1024 4289 1175 4380 aquatici
1188 4284 1274 4357 viri⁸.

163 4613 215 4668 ¹Id
237 4618 289 4682 est,
313 4615 436 4668 nendum
456 4615 607 4682 baptizatos.
632 4617 665 4672 Β.
702 4617 858 4672 ⁹Honerctl.
883 4615 919 4670 Ο.
956 4615 1010 4668 ³1d
1030 4619 1079 4683 est,
1094 4615 1218 4682 fortuito.
1242 4611 1276 4665 B.

125 4703 296 4771 ‘Rytarnetia
320 4701 356 4755 Ο.
393 4701 560 4756 ⁵Eosdeest.
582 4703 618 4758 Ο.
653 4704 782 4758 ⁶Scilicet
798 4704 997 4774 septonpisces.
1016 4701 1049 4755 B.
1085 4701 1198 4756 ⁷si00.
1216 4703 1278 4754 coti·

125 4791 173 4842 dte.
192 4788 230 4844 Η.
266 4787 335 4843 ⁸Sic
348 4787 382 4844 0.
401 4789 432 4841 id
443 4793 614 4859 cstaquottct,
626 4793 784 4846 Britannico
794 4807 919 4846 mucce.
938 4789 976 4845 H.
