3318 5804
378 773 451 848 170
750 791 860 844 muso
883 791 1143 847 LANDAvuusls.

377 957 469 1030 filius
487 955 620 1039 Muilic,
640 957 777 1040 Rioual,
792 957 937 1040 Confur3
964 965 1001 1028 et
1017 959 1083 1028 hoc
1096 957 1229 1030 factum
1242 971 1297 1033 est
1313 965 1351 1036 in
1367 964 1511 1036 ecclesia

376 1070 627 1156 Guthbennffl
647 1074 692 1145 de
712 1073 818 1156 luicis,
840 1071 1004 1156 Conblus,
1030 1073 1162 1158 Conon,
1190 1073 1417 1175 Gueithguai,
1440 1081 1513 1154 Gu.

375 1213 489 1273 orcou,
510 1189 695 1261 Guesinut.
751 1190 959 1282 Quicunque
980 1192 1193 1276 custodierit,
1215 1197 1391 1270 custodiat
1412 1199 1515 1270 illum

375 1307 486 1390 Deus3
512 1309 573 1400 qui
597 1315 716 1378 sutem
737 1307 782 1378 ab
803 1307 950 1378 ecclesis
974 1305 1162 1380 Laudaviae
1186 1315 1404 1404 separaverit,
1432 1339 1518 1388 ans-

374 1425 494 1498 thema
514 1426 569 1496 sit.
620 1422 748 1496 Amen.

807 1690 930 1763 Vuis
947 1690 1076 1762 Susis.

423 1894 612 1966 Sciendum
634 1893 680 1962 sit
702 1891 796 1983 quod
820 1890 915 1962 Elfin
938 1892 1036 1962 dedit
1057 1890 1175 1961 villum
1199 1890 1297 1962 Strui
1318 1890 1428 1964 haner
1449 1918 1519 1986 pro

370 2012 486 2082 anima
502 2033 573 2089 sua,
592 2007 680 2092 Deo,
698 2017 736 2079 et
753 2006 891 2080 Sanctis
908 2006 1087 2090 Dubrioio,
1105 2008 1258 2092 Teliauo,
1277 2018 1314 2080 et
1330 2009 1514 2098 Oudoceo,

371 2135 408 2199 et
424 2127 584 2198 omnibus
605 2125 800 2219 pastoribus
817 2124 970 2196 ecolesiae
988 2124 1184 2208 Laudaviae,
1204 2133 1242 2196 et
1258 2149 1338 2198 cum
1355 2135 1430 2198 toto
1446 2152 1516 2202 sua

370 2245 533 2316 libertate
549 2245 587 2314 in
602 2251 783 2335 perpetuo.

756 2508 879 2581 Vnus
897 2507 1131 2580 Gmuuoum.

419 2709 543 2784 Ithail²
560 2711 649 2794 Rex,
667 2717 705 2782 ct
721 2707 745 2779 J
746 2709 840 2780 udon
858 2709 1095 2780 haereditarius
1110 2709 1203 2780 filius
1220 2710 1356 2793 Ceriou,
1384 2712 1512 2785 immo-

369 2827 544 2901 lavemus
565 2828 684 2899 villam
701 2826 903 2898 Guinnouui
922 2827 1030 2918 juxto
1045 2827 1209 2919 paludem
1227 2825 1391 2911 Mourici‚
1418 2828 1510 2916 Deo,

369 2953 406 3016 et
428 2945 566 3016 Sanctis
583 2943 761 3026 Dubricio‚
782 2943 936 3027 Teliauo,
960 2951 996 3014 et
1021 2941 1200 3026 Oudoceo,
1227 2951 1264 3015 et
1289 2942 1511 3040 Berthguino

366 3059 550 3153 Episcopo,
568 3069 605 3131 et
622 3060 782 3131 omnibus
798 3060 1050 3131 successoribus
1067 3060 1137 3130 suis
1153 3062 1190 3130 in
1207 3061 1353 3132 ecclesia
1370 3060 1511 3134 Lenda-

366 3177 440 3259 viae,
454 3199 535 3247 cum
547 3200 609 3248 sua
625 3185 701 3248 tota
713 3176 885 3261 libertate,
902 3177 940 3247 in
953 3199 1076 3268 compo
1089 3186 1126 3247 et
1142 3178 1179 3248 iu
1196 3175 1299 3259 silvis,
1317 3178 1355 3248 in
1367 3201 1457 3270 oque
1469 3187 1509 3250 et

365 3295 404 3366 iu
425 3295 570 3388 pascuis,
593 3295 631 3366 in
652 3304 831 3388 perpetuo.
882 3293 940 3364 De
962 3292 1115 3376 clericis,
1139 3301 1247 3364 testes
1272 3302 1354 3365 sunt
1379 3293 1508 3366 Betth-

365 3413 492 3506 goinus
517 3411 718 3506 Episcopus,
745 3411 925 3494 Gumodu,
955 3409 1139 3493 Tutnerth‚
1174 3409 1320 3494 Eetelic,
1351 3411 1507 3496 Gandsu,

366 3527 533 3614 Judonoi3
563 3532 608 3602 de
631 3530 737 3614 laicis,
768 3527 876 3600 Ithsil
901 3526 990 3610 Rex,
1018 3526 1147 3610 Judou
1175 3536 1212 3598 et
1237 3529 1363 3599 coeteri.
1418 3528 1507 3615 Qui·

364 3668 502 3739 cunque
527 3647 729 3718 custodierit
753 3645 957 3716 benedictus
981 3645 1036 3728 sit,
1068 3645 1128 3736 qui
1157 3642 1256 3715 vero*
1285 3645 1329 3715 ab
1359 3643 1505 3718 ecclesii

365 3759 550 3835 Laudaviae
576 3766 794 3866 seperaveris,
819 3763 1025 3834 maledictus
1051 3764 1106 3833 sit.
1156 3759 1285 3833 Amen.

795 4031 882 4102 Ouu
908 4029 1070 4101 Ossuuo.

411 4225 518 4297 Ithail
535 4225 625 4310 Rex,
638 4225 730 4299 filius
743 4227 931 4315 Morcouti,
945 4238 982 4301 et
994 4231 1058 4302 filii
1071 4231 1145 4322 ejus
1158 4227 1320 4301 Fernuoil
1339 4235 1374 4298 et
1392 4225 1499 4297 Mou-

360 4342 420 4425 rio,
433 4342 702 4414 immolaverunt
713 4351 784 4416 tres
796 4347 915 4418 uncias
927 4348 1001 4441 agri
1013 4346 1109 4440 pleni
1120 4347 1158 4416 in
1176 4347 1293 4418 medio
1308 4343 1398 4416 Cum
1415 4342 1502 4415 Cer-

361 4483 431 4545 ruc,
452 4461 569 4545 idest,
587 4459 706 4532 villam
723 4485 799 4553 quae
815 4463 884 4533 suit
900 4462 1029 4547 Guroc,
1048 4463 1137 4547 Deo,
1155 4471 1192 4536 et
1215 4461 1354 4535 Sanctis
1371 4460 1503 4534 Dubri-

407 4751 591 4808 luctisonos.
609 4751 643 4808 0.
678 4751 789 4810 ’sicu
803 4752 915 4811 Juuac.
934 4751 973 4809 Η.
1008 4749 1238 4808 ³1mnw1aoic0.
1274 4750 1403 4809 *Autem
1423 4749 1457 4806 0.
