3318 5804
527 801 634 852 urana
658 801 915 854 munsvnusrs.
1214 781 1286 858 203

139 972 241 1056 calis,
251 973 291 1042 in
305 971 453 1042 dextera
463 968 762 1062 parteBritcnniae
773 967 927 1041 maxime
939 969 1186 1056 habitantibus,
1198 975 1291 1066 quod

142 1089 285 1162 Gallun
300 1086 394 1158 filius
410 1085 561 1170 cimon,
579 1095 696 1158 motus
717 1087 769 1157 ira
790 1095 828 1158 et
850 1087 974 1170 tinore,
996 1090 1146 1160 surrexit
1170 1098 1291 1162 contra

145 1206 333 1276 dominum
344 1225 457 1287 suum,
471 1202 608 1275 elevato
620 1226 682 1274 suo
695 1203 818 1296 capite,
833 1201 953 1274 Houel
965 1204 1136 1288 videlicet
1155 1205 1290 1301 Regem

146 1320 358 1416 Gleuissicg,
375 1319 488 1390 filium
504 1320 578 1404 Bis,
595 1327 699 1414 rupta
715 1341 777 1391 sua
791 1342 893 1414 pacc3
919 1329 956 1392 et
972 1319 1083 1392 voluit
1100 1323 1133 1392 ei
1155 1324 1289 1395 aniene

145 1445 278 1508 ternam
301 1435 469 1508 Luntiuci
488 1437 523 1506 vi
544 1459 616 1520 sua,
637 1445 675 1508 et
693 1436 908 1508 fortitudine.
960 1436 1011 1507 Et
1026 1438 1145 1510 audita
1160 1437 1234 1522 lite,
1252 1449 1289 1511 et

144 1553 375 1624 contentione
387 1552 479 1624 inter
489 1575 618 1648 regem,
631 1561 669 1624 et
684 1553 886 1646 principem,
900 1576 962 1646 per
973 1561 1085 1626 totam
1101 1555 1288 1651 regionem,

143 1669 308 1742 hortatus
320 1678 376 1741 est
389 1669 566 1754 Cerenhir,
580 1668 773 1762 Episcopus
791 1668 986 1754 Lnudaviae,
1004 1693 1063 1741 eos
1079 1674 1288 1758 concordari,

145 1787 239 1858 facta
261 1809 362 1880 pace.
412 1783 462 1856 Et
484 1787 518 1857 ei
538 1785 828 1880 obtemperantes,
850 1786 970 1857 audita
991 1811 1102 1880 preco,
1120 1798 1290 1861 venenmt

144 1905 188 1974 ad
211 1901 443 1987 Laudaviam,
460 1924 542 1972 cum
562 1925 690 1998 magno
707 1901 830 1986 milite,
847 1911 885 1974 ct
901 1925 1004 1996 super
1018 1903 1127 1976 altare
1144 1903 1290 1978 Sancto·

144 2041 222 2090 rum
246 2019 420 2102 Dubricii
444 2018 588 2102 Teliaui
606 2029 644 2090 et
660 2017 828 2102 Oudooei,
845 2019 1048 2112 antepositis
1067 2022 1172 2093 sacris
1188 2045 1291 2094 evan-

146 2135 255 2229 galiis
274 2137 486 2229 juravcnrnt
506 2157 630 2228 pacem
652 2135 802 2230 amplius
817 2136 891 2207 sine
906 2136 1023 2228 aliqua
1038 2137 1168 2221 fraude,
1186 2147 1223 2210 et
1238 2141 1291 2210 in-

147 2253 258 2338 sidiis3
282 2253 511 2346 praesentibus
523 2251 635 2324 tribus
647 2252 840 2335 abbatibus
855 2249 985 2323 Elisael
996 2250 1140 2326 Abbate
1156 2254 1289 2341 Catoci,

147 2368 270 2442 Elised
286 2369 431 2442 Abbatc
448 2369 568 2454 Ilduti,
585 2409 685 2425 —-
700 2368 844 2441 Abbate
865 2368 1037 2453 Docunni,
1056 2369 1198 2442 Oiuaret
1219 2371 1289 2443 lec-

145 2495 237 2570 tore,
263 2485 462 2582 Guerngen,
489 2486 594 2570 Ruid,
621 2485 724 2570 Esne,
751 2485 899 2570 Pascen3
932 2488 1158 2580 praesentibus
1181 2486 1287 2573 laicis,

146 2601 247 2686 Mor,
261 2600 455 2687 Mercbitir‚
469 2601 635 2687 Jndoant,
650 2602 841 2675 Embresel.
881 2601 967 2674 Post
979 2603 1052 2674 haec
1066 2603 1145 2675 Rex
1159 2603 1288 2690 Houel,

143 2728 252 2814 rupta
264 2742 327 2792 sun
336 2743 439 2816 pace;
456 2721 587 2792 faciens
598 2728 785 2814 utrumque
796 2720 1024 2791 homicidium
1040 2719 1143 2792 simul
1160 2729 1197 2793 et
1212 2746 1290 2817 per·

4 2911 5 2928 p
140 2835 286 2929 jurium,
301 2837 429 2908 occidit
446 2834 594 2909 Gallun¹
607 2859 670 2931 per
682 2836 811 2921 dolum,
825 2844 863 2907 et
875 2838 988 2908 occiso
1001 2861 1053 2922 eo,
1066 2841 1290 2934 congregavit

145 2951 342 3047 Episcopus
359 2961 473 3024 toturn
489 2953 650 3024 sinodum
668 2953 762 3047 apud
776 2952 999 3038 Laudavisse,
1018 2957 1234 3050 congregatis
1252 2957 1290 3026 in

143 3069 398 3140 nnumclericis
407 3066 1288 3166 totiuspamchimabostio²Tcratyr³inGuyusquc

147 3185 194 3256 ad
210 3182 357 3256 ostium²
377 3183 490 3280 'Pyrri‘
506 3185 677 3269 omnibus,
695 3194 732 3257 ct
751 3209 823 3256 una
838 3209 932 3270 voce,
951 3187 1115 3280 depositis
1132 3189 1290 3260 crucibus

4 3297 6 3384 ζ
146 3301 344 3384 adterram
358 3310 396 3372 et
408 3302 514 3373 versis
526 3301 703 3396 cymbalis,
717 3301 821 3372 simul
833 3324 914 3372 cum
926 3303 1079 3395 reliquiis
1092 3310 1291 3375 sanctorum
1402 3334 1405 3340 ¹

5 3393 6 3410 ἶ
147 3416 274 3488 ablatis
286 3417 397 3501 citari,
409 3424 447 3489 et
458 3417 620 3512 projectis
633 3419 821 3501 interram,
834 3419 1149 3489 excommunicavit
1161 3443 1289 3513 regem,

4 3575 5 3578 =
148 3531 311 3604 afferens
332 3533 366 3604 ei
388 3541 501 3604 totam
518 3533 794 3604 Christianorum
812 3536 1103 3618 communionem,
1121 3541 1158 3605 et
1179 3537 1217 3604 in
1233 3559 1289 3605 ea·

148 3649 234 3718 dem
253 3650 614 3721 excommunicatione
635 3649 766 3722 mansit
788 3647 861 3722 fere
876 3673 940 3744 per
955 3673 1085 3721 annum
1103 3651 1288 3745 integrum.

148 3763 241 3836 Post
254 3765 337 3850 baec,
356 3765 437 3838 Rex
453 3787 524 3838 non
544 3769 717 3868 sustinens
732 3775 869 3838 tantam
885 3766 1289 3852 excommunicationem,

146 3880 286 3952 meritis
301 3883 373 3954 suis
388 3882 619 3978 exigentibus,
633 3885 791 3976 quaesivit
803 3883 940 3955 veniam
956 3884 1050 3977 apud
1066 3882 1290 3968 Landaviam,

146 3998 254 4071 nudis
269 4000 425 4092 pedibus,
443 4023 524 4071 cum
540 3999 658 4072 effirsis
681 4000 874 4094 lachrymis,
892 4008 929 4070 et
946 4000 1027 4071 data
1043 4001 1145 4071 venia
1160 4001 1193 4072 ei
1209 4023 1291 4070 cum

139 4119 270 4210 juncta
285 4117 493 4211 poenitentia
508 4117 657 4212 publica,
671 4117 849 4188 homicidii
866 4117 970 4188 simul
981 4125 1019 4188 et
1034 4113 1198 4211 perjurii}⁵
1210 4139 1291 4187 con·

145 4233 226 4304 silio
241 4232 411 4327 patruelis
427 4235 480 4305 sui
498 4232 661 4319 Mourici
680 4231 904 4328 promittens⁰
920 4234 1200 4306 emendationem
1216 4241 1290 4303 tam

146 4350 273 4422 animae
289 4371 397 4444 quam
413 4351 564 4444 corporis
586 4348 743 4444 amplius,
766 4350 803 4420 in
822 4350 966 4443 jejunio,
989 4346 1043 4423 et⁷
1065 4349 1229 4433 oratione,
1252 4357 1290 4419 et

183 4677 245 4734 ¹Sic
258 4679 292 4734 Ο.
309 4678 428 4734 Geticus.
449 4675 488 4733 H.
522 4677 587 4733 ²Sic
598 4675 632 4732 0.
649 4677 730 4732 hostio
747 4680 775 4730 ot
791 4677 910 4729 bostium.
931 4673 969 4728 H.
1003 4673 1068 4730 ⁸Sic
1086 4674 1119 4731 O.
1133 4676 1239 4731 Toratir
1251 4673 1290 4732 Η.

147 4761 211 4822 *sio
228 4765 262 4822 Ο.
283 4767 358 4821 riui.
382 4765 421 4823 Η.
459 4765 618 4821 indoluerat.
643 4763 677 4820 Ο.
711 4763 795 4818 ⁶Pro.
819 4761 853 4818 Ο.
888 4761 943 4816 ⁷ct
959 4761 1041 4819 deest.
1059 4761 1093 4818 Ο.

684 4855 757 4924 21>
