3316 5796
536 859 643 910 arnan
669 859 928 910 nsunnvsrssrs.
1260 837 1307 907 53

147 1033 272 1102 minus
293 1029 526 1100 sufficientem
551 1028 746 1110 credebam,
772 1035 943 1120 quantum
965 1029 1064 1120 potui
1087 1029 1214 1112 restiti;
1240 1027 1302 1098 sed

154 1149 313 1240 injuncta
331 1146 417 1216 mihi
439 1169 489 1217 ex
510 1152 610 1237 parte
633 1143 702 1215 Dei
720 1153 757 1215 et
774 1146 928 1216 ecclesiae
945 1153 982 1218 et
999 1145 1146 1218 fratrum
1166 1153 1300 1217 nostro-

156 1287 237 1333 rum
248 1263 452 1346 obedientia,
465 1263 614 1332 confisus
625 1262 670 1331 de
679 1263 932 1332 sustentatione
942 1263 1067 1332 divina
1077 1264 1206 1358 gratiae,
1218 1263 1300 1334 obe-

157 1381 238 1450 divi.
285 1378 521 1450 Postmodum
534 1402 614 1449 vero
627 1377 756 1449 Petrus
773 1376 911 1462 Leonis,
930 1380 1024 1472 quod
1040 1403 1062 1450 a
1078 1379 1190 1473 longis
1205 1387 1300 1450 retro

156 1497 369 1590 temporibus
385 1497 425 1566 in
443 1493 499 1567 sc¹
516 1503 732 1588 conceperat,
745 1519 808 1588 per
824 1496 971 1566 fratrum
989 1504 1026 1567 et
1041 1505 1226 1590 parentum
1244 1519 1300 1566 su·

156 1637 254 1684 orum
274 1615 485 1706 potentiam
511 1620 548 1683 et
564 1611 712 1682 aliorum
733 1611 900 1684 laieorum
918 1613 1130 1697 violentiam,
1156 1615 1300 1685 rubeam

157 1753 301 1824 cappam
318 1731 384 1802 sibi
402 1729 580 1812 assumsit3
606 1736 643 1799 et
660 1729 710 1800 sic
726 1737 875 1800 matrem
893 1729 1089 1801 Romanam
1106 1729 1298 1811 ecclesiam,

156 1871 220 1941 per
240 1847 556 1919 ecclesiasticarum
578 1868 696 1917 rerum
719 1846 1014 1940 dilapidationem,
1038 1854 1075 1918 et
1097 1845 1301 1918 effirsionem

20 1986 21 1995 ¹
157 1965 341 2058 sanguinis,
365 1963 493 2033 nititur
515 1986 694 2055 occupare.
747 1962 866 2034 Nemo
884 1987 1045 2068 crgolvos
1065 1960 1242 2034 inanibus²
1264 1972 1302 2034 et

157 2080 338 2152 fallacibus
366 2080 483 2151 verbis
512 2081 674 2162 seducat3
709 2102 813 2150 nemo
843 2080 1046 2151 firmitatem
1075 2088 1227 2151 vestram
1256 2081 1301 2150 ab

158 2199 294 2268 unitate
306 2196 461 2268 ccclesiae
476 2196 623 2268 dividat:
650 2193 890 2267 Antichristus
907 2198 1011 2279 enim,
1029 2198 1066 2267 in
1082 2198 1152 2268 fine
1167 2197 1300 2280 mundi,

162 2312 344 2382 ecclesiam
355 2313 425 2383 Dei
439 2313 535 2382 duris
548 2314 825 2406 oppressionibus
838 2313 1001 2386 infestare
1015 2313 1158 2384 laborat.
1190 2312 1303 2384 Navis

162 2428 336 2519 siquidem
356 2429 451 2500 beati
478 2428 576 2500 Petri
601 2430 638 2499 in
663 2453 733 2523 qua
757 2430 917 2501 Christus
941 2431 1050 2513 sedet,
1076 2415 1303 2501 inundatione

163 2543 336 2614 fluctuum
355 2545 540 2639 aliquando
557 2547 764 2629 concutitur,
782 2570 904 2617 verum
922 2547 1061 2618 Christo
1079 2569 1156 2616 eam
1177 2547 1303 2639 guber-

161 2669 282 2744 nante,
295 2663 401 2756 mergi
417 2686 489 2733 non
501 2670 627 2756 potest.
671 2661 817 2746 Quodsi
830 2665 973 2734 nuntius
986 2661 1196 2733 Antichristi
1209 2661 1304 2731 aliud

160 2777 261 2848 vobis
275 2779 481 2870 persuadere
494 2787 639 2850 conatus
655 2778 770 2863 brerit,
787 2779 909 2873 procul
925 2780 1070 2872 abjectis
1086 2781 1193 2873 ipsius
1210 2778 1305 2850 dela-

156 2894 320 2978 tionibus,
337 2903 507 2988 tanquam
525 2895 694 2966 columnae
710 2897 917 2980 immobiles,
939 2897 977 2966 in
993 2897 1063 2967 fide
1079 2897 1175 2968 beati
1192 2895 1300 2978 Petri,

155 3019 195 3082 et
211 3034 339 3094 amore,
352 3019 391 3082 et
407 3013 602 3083 reverentia
618 3020 745 3082 sanctae
761 3014 883 3084 matris
899 3013 1062 3098 ecclesie,
1076 3014 1303 3085 immobiliter

154 3127 359 3220 persistatis.
413 3126 491 3198 Nos
507 3137 627 3200 autem
643 3129 828 3222 praeiatum
845 3129 992 3201 Petrum
1010 3130 1148 3214 Leonis,
1166 3139 1240 3202 tarn
1257 3131 1302 3200 de

155 3245 336 3314 communi
358 3245 603 3336 praedictorum
627 3245 879 3338 Episcoporum
896 3255 933 3318 et
950 3248 1201 3319 catholicorum
1218 3246 1302 3317 Car-

156 3361 330 3431 dinalium
346 3361 491 3432 consilio
509 3369 545 3432 et
562 3360 752 3446 voluntate,
772 3386 878 3456 quam
894 3372 932 3434 et
949 3364 1095 3435 aliorum
1113 3363 1302 3456 Episcopo-

156 3499 248 3560 rum,
257 3479 318 3570 qui
328 3479 373 3548 de
381 3477 524 3549 diversis
536 3479 658 3548 mundi
673 3479 830 3571 partibus
844 3481 1044 3575 congregati
1055 3481 1201 3560 fuerant,
1214 3477 1303 3547 desi-

158 3593 266 3676 derio,
283 3595 398 3687 prima
410 3595 468 3666 die
481 3595 655 3665 dominica
671 3596 799 3666 mensis
813 3594 937 3667 Martii
951 3595 1303 3677 excommunicantes,

159 3719 182 3748 “
192 3707 329 3781 Satanae
351 3711 390 3780 in
410 3712 592 3782 interitum
610 3713 720 3783 carnis
737 3713 952 3796 tradidimus,
978 3719 1019 3783 ut
1036 3711 1175 3804 spiritus
1192 3711 1229 3780 in
1246 3710 1303 3781 die

161 3801 343 3897 “Domini
364 3827 480 3900 salvus
509 3825 619 3900 fiat.’'⁸
678 3827 761 3900 Dat.
788 3830 880 3922 apud
910 3825 1132 3910 Palladium,⁴
1160 3847 1195 3898 v.
1222 3850 1301 3898 non.

157 3939 311 4012 Martii.⁵

206 4175 464 4248 Innocnnmus
487 4177 689 4274 Episcopus,
715 4203 833 4252 servus
856 4205 1032 4252 servorum
1059 4180 1138 4264 Dei,
1165 4180 1302 4251 dilectis

156 4291 248 4376 filiis,
262 4290 374 4363 clero⁶
386 4300 423 4401 et
435 4295 566 4387 populo
582 4319 645 4389 per
660 4298 856 4391 parrochias
870 4297 999 4383 Goher,
1014 4297 1195 4380 Chedueli,
1210 4295 1302 4368 Oan-

156 4409 359 4492 trebachan,
374 4408 551 4495 Estrateu,
565 4411 684 4507 Ergin,
698 4415 907 4498 constitutis,
922 4416 1070 4486 salutern
1085 4422 1122 4485 et
1138 4413 1303 4508 apostoli-

190 4745 252 4803 ¹Sic
265 4747 300 4804 B.
312 4751 385 4804 Inte.
403 4747 487 4802 MSS.
522 4750 675 4807 ²Mcnibua.
688 4753 722 4810 Ο.
757 4755 793 4810 ³1
807 4756 870 4812 Cor.
883 4773 909 4810 v.
922 4759 947 4812 b.
983 4753 1067 4826 ⁴Leg.
1082 4753 1248 4809 Palatinum.
1267 4749 1302 4805 B·

156 4831 305 4908 ⁵3t1arrii,
324 4835 407 4892 A.D.
421 4839 502 4892 11³0.
536 4839 600 4894 ⁶Sic
613 4839 646 4896 Ο.
660 4843 727 4898 (ltro.
748 4841 787 4899 H.
