3316 5796
379 804 428 878 90
749 816 857 868 arasa
881 814 1136 867 munavsusrs.

380 987 592 1080 Episcopum
605 987 767 1060 vestrum,
780 974 945 1072 benigne1
957 979 1182 1072 suscepimus;
1202 985 1240 1050 et
1252 981 1505 1073 oppressionem

379 1109 502 1174 vestrm
526 1096 679 1170 ecclesie
703 1093 892 1176 audientes,
921 1092 1040 1166 debita
1069 1095 1103 1168 ei
1130 1094 1312 1167 affectione
1341 1099 1508 1191 compaaei

381 1239 513 1300 sumus;
538 1213 708 1308 siquidem
724 1209 910 1281 insinuavit
925 1209 1025 1281 nobis
1040 1218 1188 1283 matrem
1204 1220 1354 1284 vestram
1371 1211 1508 1286 Lenda-

380 1355 522 1407 vensem
532 1329 713 1402 ecclesiam
720 1350 829 1420 usque
839 1321 1196 1398 adeo²m0naoh0rum
1206 1329 1509 1420 quorundamole-

382 1452 540 1532 ricomm,
562 1467 697 1518 necnon
714 1450 752 1514 et
771 1442 937 1514 laicorum
958 1441 1190 1514 invasionibus
1205 1452 1243 1516 et
1261 1443 1388 1538 rapinis
1408 1446 1509 1517 attri-

381 1577 466 1652 tam,
478 1573 519 1637 ut
531 1564 569 1634 in
584 1584 627 1634 ea
639 1559 830 1654 Episcopus
841 1581 982 1630 manere
994 1558 1054 1629 vix
1064 1559 1182 1652 possit.
1232 1560 1335 1645 Quod
1350 1562 1509 1656 profecto

381 1691 420 1756 ct
431 1682 531 1754 nobis
541 1701 646 1776 grave
662 1683 726 1759 est,
743 1683 780 1746 et
796 1675 840 1746 ed
856 1671 1063 1747 vestrarum³
1078 1683 1212 1769 spectat
1227 1677 1421 1770 pen‘eulum
1437 1677 1512 1748 ani.

379 1821 526 1872 marum.
577 1795 743 1868 Vestram
769 1792 888 1885 itaque
914 1791 1174 1864 universitatem
1198 1792 1307 1865 literis
1330 1795 1509 1888 praesenti-

381 1917 447 1989 bus
459 1914 647 1996 visitantes,
658 1930 850 1991 monemus,
863 1915 969 2001 atque
984 1908 1199 2002 praecipimus
1219 1917 1261 1980 ut
1277 1911 1425 1983 eundem
1441 1911 1511 1982 fra·

381 2041 473 2104 trem
488 2039 644 2101 nostrum
661 2025 843 2098 affectione
855 2023 973 2096 debita
984 2023 1144 2118 diligatis,
1157 2033 1194 2096 ct
1207 2025 1359 2098 debitam
1371 2027 1403 2098 ei
1417 2029 1511 2122 (tan-

383 2169 488 2242 quam
503 2145 593 2238 patri
610 2153 647 2216 et
667 2141 796 2236 pastori
812 2137 940 2232 vestro)
963 2140 1191 2212 reverentiam
1217 2149 1254 2213 et
1276 2143 1509 2214 obedientiam

383 2261 600 2357 impendatis.
642 2258 752 2331 Porro
763 2258 981 2329 commissam
993 2257 1059 2328 sibi
1071 2257 1262 2342 eeclesiam,
1275 2267 1422 2330 matrem
1433 2281 1512 2331 ves·

383 2389 485 2464 tram,
498 2373 604 2451 sicut⁴
615 2375 699 2448 boni
714 2375 777 2446 filii
793 2375 964 2466 adjuvare,
978 2381 1016 2445 et
1031 2373 1164 2446 ablatas
1179 2375 1212 2445 ei
1228 2377 1457 2468 possessiones
1474 2385 1514 2447 et

384 2497 477 2570 bona
497 2514 708 2588 recuperare,
731 2492 921 2562 secundum
937 2491 1054 2562 datam
1070 2491 1168 2562 vobis
1189 2515 1212 2562 a
1232 2490 1387 2563 Domino
1404 2492 1515 2564 facul-

384 2621 497 2686 tetem
512 2610 658 2682 viriliter
673 2605 850 2690 studeatis,
867 2605 943 2678 aliis
959 2629 1096 2699 quoque
1108 2606 1262 2678 ecclesiis
1277 2606 1515 2680 Landavensis

384 2729 555 2825 parochiae
570 2724 690 2798 debita
707 2722 941 2817 persolventes
956 2720 1177 2795 revelationis
1197 2730 1235 2794 et
1255 2725 1514 2798 restaurationis

385 2847 435 2918 eis
451 2865 594 2916 manum
607 2861 779 2934 apponere
791 2835 1013 2932 procuretis3⁶
1028 2861 1092 2932 per
1105 2838 1171 2910 hoo
1187 2839 1290 2922 enim,
1304 2846 1341 2911 et
1357 2841 1515 2935 omnipo-

383 2960 490 3032 tentis
507 2957 576 3029 Dei
596 2955 884 3038 benedictionem,
902 2961 939 3025 et
958 2953 1107 3049 gratiam
1122 2963 1161 3026 et
1182 2956 1419 3028 remissionem
1435 2981 1515 3030 ves-

383 3085 517 3148 trorum
541 3071 799 3165 consequemini
824 3078 1055 3164 peccatorum.
1111 3069 1195 3141 Dat.
1219 3070 1391 3157 Suessoni,
1419 3093 1514 3145 xv11.

383 3192 447 3266 cal.
466 3186 575 3262 Nov.⁸

472 3455 574 3528 Para
590 3470 778 3526 murreus
794 3448 981 3523 Canrxrus
997 3469 1038 3522 nv
1054 3449 1231 3523 Goucmro
1247 3451 1425 3525 Rauausr.

435 3658 523 3742 Quae
543 3661 740 3727 sanctourm
756 3658 896 3745 patrum
912 3650 1144 3722 sanctionibus
1160 3649 1205 3722 de
1224 3651 1395 3744 pravitate
1411 3653 1518 3726 simo-

386 3774 485 3844 niaca
500 3763 668 3842 stabilita⁷
684 3776 774 3850 sunt,
791 3789 854 3838 nos
870 3789 1007 3860 quoque
1024 3763 1174 3859 Spiritirs
1191 3765 1312 3840 Sancti
1321 3767 1465 3860 judicio,
1478 3781 1518 3844 et

388 3887 594 3960 auctoritate
610 3884 700 3956 sedis
716 3882 921 3978 apostolicae,
937 3881 1189 3954 confirmamus

437 4002 468 4075 I.
494 4000 611 4093 Siquis
623 3997 721 4071 vero⁸
732 3999 930 4084 venditent,
946 4005 1008 4071 aut
1023 3998 1156 4082 emerit,
1170 3998 1227 4072 vel
1241 4021 1304 4092 per
1319 4022 1366 4086 se,
1384 4000 1437 4072 vel
1453 4025 1520 4096 per

424 4238 488 4295 ¹Sie
500 4237 534 4294 0.
545 4239 661 4306 boteone
674 4235 712 4290 Η.
746 4235 844 4290 ’Adae
857 4235 890 4291 Ο.
926 4235 989 4292 ⁸Sio
998 4235 1031 4290 0.
1043 4242 1200 4290 aestrorum.
1214 4233 1252 4290 Η.
1285 4235 1356 4290 *Sta
1368 4235 1402 4292 0.
1436 4239 1521 4294 'Stu-

387 4330 476 4385 aare.
494 4324 529 4380 Ο.
562 4323 617 4379 ⁰16
628 4322 760 4391 Octobris,
778 4321 855 4376 A.D.
871 4323 947 4376 1119.
982 4321 1119 4376 ldtobilr'tr'.
1137 4320 1171 4376 0.
1204 4321 1381 4378 ⁸Notandum
1393 4327 1521 4396 estquod

388 4415 510 4471 emoneo
521 4409 635 4466 Concilii
646 4409 786 4465 Remensis
796 4425 814 4462 a
823 4407 945 4476 Lnbbeo,
962 4408 1115 4479 ceterisque
1126 4407 1155 4461 in
1166 4407 1255 4462 lucem
1266 4407 1330 4480 dati,
1347 4409 1472 4481 plurimis
1489 4413 1522 4468 in

388 4502 455 4558 locis
468 4499 626 4570 discrepant,
644 4501 706 4552 tum
717 4496 809 4552 ordine
820 4495 973 4562 verborum,
990 4499 1053 4549 tum
1070 4511 1177 4566 quoque
1188 4495 1332 4550 verborum
1343 4497 1472 4553 varietate
1483 4500 1521 4554 ab

389 4585 538 4661 exemplari
554 4584 626 4656 quod
643 4601 733 4640 seeum
750 4581 845 4639 retulit
862 4581 990 4636 Urbanus
1010 4580 1159 4654 Episcopus
1178 4581 1522 4656 landavensis-Vulgata

388 4674 468 4730 lectio
478 4673 561 4728 habet
571 4673 657 4741 siquis
667 4688 742 4740 epm
760 4687 823 4725 nam
834 4666 1038 4741 prefatiuncula
1049 4685 1132 4740 quam
1143 4667 1254 4724 exhibet
1264 4669 1350 4726 codex
1361 4669 1521 4726 landaven·

389 4753 1011 4834 sisparsastprimieanonisintextuvulgari
1029 4754 1062 4811 B.
