3316 5796
377 823 448 896 132
748 841 853 892 mnan
879 842 1138 894 ninnivnnsn.

423 1011 493 1081 IX.
520 1009 638 1080 Pauca
659 1008 799 1100 quidem
821 1008 988 1079 miracula
1010 1008 1102 1079 illius
1123 1010 1234 1080 sancti
1251 1011 1324 1092 viri,
1343 1019 1381 1081 et
1401 1012 1512 1082 beatoe

372 1128 557 1208 memoria,
571 1126 615 1196 de
628 1124 758 1207 multis,
776 1126 904 1217 scripto
918 1127 1162 1196 commendata
1174 1135 1269 1209 sunt;
1287 1128 1417 1221 quippe
1431 1150 1511 1198 oum

371 1243 500 1314 fuerint
512 1249 575 1313 aut
587 1241 725 1335 ignibus
737 1249 871 1324 exusta,
885 1249 947 1311 aut
960 1239 1090 1312 exiliis¹
1103 1243 1231 1312 civium
1247 1241 1356 1312 classe
1373 1243 1512 1338 longius

371 1360 561 1452 deportata
616 1357 721 1442 Quod
746 1379 827 1429 vero
852 1357 1075 1450 postmodum
1105 1359 1351 1452 investigatum
1377 1368 1443 1443 est,
1474 1371 1512 1431 et

370 1477 588 1568 acquisitum,
605 1474 842 1545 monumentis
858 1474 1041 1557 seniorum,
1055 1482 1092 1544 et
1109 1474 1353 1567 antiquissimis
1371 1477 1512 1570 scriptis

370 1592 549 1663 literarum
566 1590 750 1672 memoriae,
768 1597 805 1660 et
822 1591 949 1682 scripto
966 1591 1251 1661 commendatum
1267 1599 1329 1662 est.
1381 1589 1431 1661 Et
1448 1615 1511 1685 pe-

369 1717 466 1780 racta
481 1709 554 1778 vita
573 1706 665 1777 illius
686 1715 814 1789 sancta,
840 1715 878 1777 et
897 1706 1055 1802 gloriosa,
1082 1729 1162 1775 cum
1184 1707 1363 1798 acquisitis
1379 1707 1446 1777 sibi
1472 1717 1511 1778 et

369 1825 522 1896 ecclesiae
545 1847 614 1894 suae
638 1822 823 1894 Laudaviae
844 1822 966 1893 multis
981 1823 1092 1906 terris,
1109 1822 1146 1893 in
1168 1822 1322 1893 Domino
1338 1824 1510 1917 requievit

370 1961 419 2012 v1.
437 1962 545 2012 nonas
564 1936 676 2010 sulii?

369 2444 606 2530 cncnnnn,
620 2463 665 2516 nn
676 2466 726 2516 v1.
741 2465 876 2518 nomos
888 2465 1015 2517 namn
1025 2441 1194 2528 Conon?
1204 2465 1248 2514 nn
1260 2442 1508 2516 Lanuuiana!

418 2645 626 2716 Notandum
639 2656 692 2718 est
704 2648 803 2718 nobis
816 2649 909 2739 quod
921 2645 1061 2717 Mouric
1073 2643 1153 2716 Rex
1167 2643 1211 2714 M
1212 2641 1401 2715 orcanhuc⁶
1413 2644 1506 2716 filius

367 2760 537 2845 Teudiric,
552 2773 589 2834 et
601 2787 690 2834 uxor
702 2764 776 2854 ejus
787 2764 974 2845 O'nbraust,
988 2763 1059 2832 filia
1070 2760 1240 2832 Guroanti
1253 2759 1387 2855 Magni,
1402 2762 1509 2833 dede-

365 2886 448 2946 runt
461 2887 532 2948 tres
544 2879 678 2948 modios
691 2887 790 2949 terrae
802 2879 1028 2974 Oilcynhynn
1043 2885 1079 2948 et
1092 2897 1142 2947 vn
1153 2876 1287 2948 modios
1300 2887 1400 2948 terra
1414 2878 1508 2949 Gon-

365 3014 443 3084 uoy,
467 2994 503 3061 id
527 3002 581 3063 est
604 2993 828 3088 Lanngemei,
852 2996 955 3066 simul
978 3005 1015 3065 et
1038 2993 1138 3065 Lanu
1155 2993 1277 3065 Teliau
1299 2995 1350 3064 tal
1369 3019 1393 3088 y
1408 3004 1506 3088 pont,

323 3169 327 3178 .
366 3129 441 3198 quae
456 3116 560 3179 antea
571 3109 664 3180 illius
677 3111 798 3195 fuerat,
812 3113 1036 3182 reddiderunt
1054 3108 1156 3193 Βθο,6
1173 3118 1210 3180 et
1222 3108 1391 3181 Oudoceo
1405 3109 1508 3204 Epis-

365 3247 462 3317 copo,
474 3226 670 3318 sanctisque
681 3229 954 3299 antecessoribus
964 3229 1034 3299 suis
1044 3227 1197 3310 Teliauo,
1209 3225 1383 3308 Dubritio,
1395 3228 1507 3297 omni-

364 3341 498 3434 busque
521 3344 784 3415 succedentibus
807 3345 871 3416 sibi
897 3346 933 3415 in
956 3345 1102 3415 ecclesia
1125 3342 1321 3426 Landaviae,
1346 3367 1408 3436 pro
1431 3343 1507 3413 ani-

365 3460 488 3530 mabus
505 3461 584 3543 suia,
598 3467 635 3530 et
651 3469 835 3554 parentum
853 3485 1003 3545 suorum,
1016 3459 1125 3532 libere
1141 3461 1186 3530 ab
1199 3460 1293 3529 omni
1310 3459 1418 3554 regali
1437 3483 1509 3531 ser-

363 3577 459 3660 vitio,
473 3599 554 3647 cuin
568 3579 663 3648 omni
676 3601 738 3650 sua
749 3579 929 3672 dignitate,
944 3587 981 3648 et
997 3578 1170 3660 libertate,
1184 3575 1327 3670 refugio,
1341 3585 1379 3647 et
1396 3577 1509 3649 libera

364 3695 608 3765 communione
625 3695 746 3766 ineolis
761 3695 1009 3778 habitantibus,
1024 3703 1060 3765 et
1076 3693 1257 3776 habituris,
1276 3693 1313 3763 in
1330 3715 1455 3787 campo
1468 3703 1508 3764 et

362 3809 400 3876 in
421 3809 524 3892 silvis,
541 3811 580 3880 in
595 3834 685 3903 aqua
701 3820 739 3882 et
758 3813 794 3882 in
815 3813 960 3906 pascuis,
984 3812 1021 3881 in
1042 3819 1212 3904 perpetua
1235 3811 1504 3881 consecratione.

364 3920 422 3992 De
439 3922 535 3995 laicis
553 3933 659 3997 testes
683 3937 764 3998 sunt
787 3927 969 3999 Mouricus
993 3926 1082 4010 Rex,
1107 3925 1285 3998 Onbraust
1308 3949 1397 3997 uxor
1419 3927 1504 4016 ejus,

363 4037 426 4108 filii
443 4035 513 4109 sui⁷
529 4038 678 4112 Athruis
700 4051 737 4112 et
762 4042 918 4128 Idnerth,
937 4045 1082 4127 condas,
1107 4040 1320 4126 Louheithi,⁸
1343 4041 1502 4134 Oatgual,

364 4154 499 4239 Gatleu,
515 4154 649 4240 Riaoat,
664 4155 889 4244 Conbrinum,
905 4159 1066 4244 Merthir,
1081 4159 1233 4231 Gurcon.
1285 4156 1340 4228 De
1357 4156 1504 4228 Clericis

363 4269 551 4343 Oudoceus
574 4296 730 4344 summus
748 4272 950 4370 Episcopus,
964 4275 1076 4349 Jacob
1093 4274 1216 4348 Abbas
1234 4275 1354 4346 Sancti
1366 4272 1502 4357 Catoci,

363 4409 444 4458 cum
461 4389 531 4459 suis
548 4390 746 4474 senioribus,
765 4388 903 4486 Catgen
918 4389 1040 4465 Abbas
1058 4392 1180 4464 Sancti
1197 4391 1317 4474 Ilduti,
1339 4413 1420 4462 oum
1441 4414 1507 4463 sua

388 4701 459 4760 ·¹Sic
477 4705 510 4760 B.
528 4709 608 4762 acala
621 4707 654 4763 0.
689 4707 999 4780 ²2Julii,A.D.--.
1035 4709 1130 4764 δοκοί.
1149 4705 1230 4763 MSS.
1265 4706 1507 4777 *Lonnpcmetst

360 4790 529 4848 inferentiae.
548 4792 581 4848 Ο.
616 4794 745 4851 ⁰EtDco.
765 4796 798 4852 Ο.
833 4796 900 4851 *Sui
912 4796 994 4852 deest.
1013 4795 1046 4850 0.
1081 4795 1242 4850 ⁸Loubcitbt'.
1261 4791 1295 4848 0.
