3316 5796
375 800 424 875 εἳ
748 807 857 858 nmen
880 803 1140 858 menevenses.

422 974 690 1056 Innocuurrus¹
707 973 910 1068 Episcopus,
923 993 1042 1078 servus
1055 995 1233 1046 servornm
1246 971 1326 1062 Dei,
1342 978 1522 1050 venerabi.

375 1103 467 1175 libus
490 1097 654 1168 iratribus
679 1089 755 1163 W?
776 1089 1019 1162 Cantucriensi
1044 1087 1330 1186 Arcbiepisoopo,
1356 1093 1521 1188 ejusque³

376 1215 600 1311 Qunam
620 1209 812 1305 Episcopis,
834 1205 984 1280 salutem
1001 1215 1039 1280 et
1054 1209 1280 1301 apostolicam
1300 1212 1523 1284 benedictio-

375 1357 468 1407 nem.
504 1327 727 1406 Venerabilis
738 1325 845 1398 frnter
857 1331 975 1396 noster
987 1321 1049 1396 U.⁴
1061 1323 1297 1398 landavensis
1309 1325 1522 1422 Episcopus,

377 1453 437 1546 qui
452 1448 558 1521 modo
575 1446 619 1518 ad
635 1452 791 1518 nostram
803 1438 930 1513 devote
945 1442 1044 1512 venit
1060 1442 1288 1535 praesentiam,
1305 1444 1452 1518 studiosi
1470 1445 1523 1520 dc

374 1590 472 1639 more
485 1564 640 1658 pastoris,
654 1583 717 1656 pro
729 1559 883 1630 utilitate
896 1557 1051 1630 ecelesiae
1063 1556 1129 1629 sibi
1142 1559 1342 1642 commissae,
1355 1561 1524 1652 quamvis

373 1693 458 1756 atas
490 1690 528 1754 ot
548 1677 717 1773 aegritudo
736 1676 945 1758 resisterent,
966 1673 1157 1768 plurimum
1177 1677 1398 1770 cognoscitu
1416 1675 1522 1748 labo-

373 1821 483 1882 rasse3
506 1803 735 1868 veruntamen
761 1792 920 1885 inspecto
946 1815 989 1863 ec
1015 1791 1111 1884 quod
1136 1792 1180 1874 ei,
1198 1791 1243 1862 de
1259 1791 1521 1885 parochialibus

371 1915 540 1996 terminis,
557 1935 579 1984 a
593 1911 845 2005 predecessore
860 1916 979 1980 nostro
995 1916 1124 1978 sanctae
1140 1907 1396 1990 recordationis,
1414 1905 1520 2002 Papo

373 2032 531 2103 Honorio
550 2029 749 2121 judicatum
774 2033 838 2108 est,
864 2025 947 2118 quia
965 2025 1147 2116 utriuqsue
1163 2023 1319 2098 ecclesia
1335 2025 1516 2118 justitiam

371 2148 507 2240 plenius
517 2167 725 2240 cognoscere
735 2142 980 2225 desideramus,
990 2140 1148 2216 adhibito
1159 2141 1307 2216 fratmm
1316 2149 1515 2214 nostrorum

372 2262 525 2344 consilio,
548 2256 652 2332 nihil⁵
668 2259 913 2331 innorcvimus.
964 2254 1035 2330 Per
1049 2258 1235 2351 praesentia
1250 2259 1358 2353 igitur
1373 2257 1516 2350 scriptu,

370 2378 582 2451 fraternitati
593 2384 717 2448 vestrae
732 2375 887 2470 rogando
897 2374 1114 2458 mandamus,
1128 2382 1301 2468 quatenus
1317 2375 1440 2468 ipsum,
1453 2381 1516 2444 ut-

369 2503 453 2589 pote
465 2493 665 2588 religiosum
677 2493 801 2574 virum,
813 2491 1001 2574 honoretis,
1014 2513 1056 2562 ac
1069 2490 1236 2586 diligatis3
1261 2499 1357 2564 etue
1369 2491 1514 2564 interim

369 2613 415 2684 de
430 2610 595 2706 parochia
609 2609 671 2682 illa
687 2631 875 2702 superque
890 2605 1089 2680 Bernartius
1106 2607 1151 2680 de
1167 2605 1300 2678 Sancto
1316 2605 1433 2680 David
1449 2607 1514 2680 ad-

368 2750 488 2800 versus
500 2749 582 2799 eum
595 2725 827 2818 conqueritur,
844 2723 997 2816 aliquam
1013 2721 1314 2796 immunitionem
1329 2725 1512 2808 srrstineat,

368 2844 434 2914 sed
451 2844 487 2913 in
508 2865 595 2936 pace
610 2839 786 2934 possideat
802 2847 840 2910 et
856 2837 983 2932 quiete,
1000 2839 1188 2934 prudentia
1202 2847 1326 2912 vestre
1352 2839 1514 2912 discreti-

367 2957 593 3030 onisefficiat.
635 2953 697 3026 Ad
709 2955 776 3027 hoc
785 2955 1031 3028 nichilominus
1042 2956 1267 3030 dilectionem
1279 2963 1388 3040 tuam,
1401 2955 1513 3028 frater

367 3072 652 3167 Archiepiscope,
678 3071 913 3164 deprecemur,
941 3081 1113 3166 quatenus
1129 3095 1192 3167 pro
1209 3072 1380 3146 charitate
1396 3071 1511 3145 beati⁷

365 3189 464 3262 Petri
488 3197 526 3262 et
550 3195 677 3271 nostra,
703 3185 850 3260 Clericis
873 3189 943 3260 suis
968 3188 1151 3262 Uchtredo
1175 3187 1443 3272 Amhidiacono,
1468 3199 1510 3261 et

366 3307 475 3390 Isaac,
500 3307 630 3378 bonam
646 3303 865 3378 voluntatem
886 3313 985 3378 tuem
1000 3313 1039 3378 et
1062 3301 1213 3401 gratiam
1235 3306 1370 3380 reddas.
1421 3304 1506 3378 Dat.

355 3425 459 3517 apud
476 3422 647 3497 Sanctum
663 3420 884 3507 Quintinum,
905 3441 944 3494 11.
961 3422 1041 3496 idus
1056 3419 1207 3495 Martii.⁸

416 3657 672 3730 Innocmmws
685 3654 887 3749 Episcopus
901 3678 1019 3728 servus
1032 3677 1209 3728 servorum
1222 3655 1302 3739 Dei,
1315 3659 1505 3734 venerabili

364 3772 463 3844 fiatri
481 3770 543 3841 W.
561 3770 804 3844 cantuariensi
821 3770 1018 3865 Episcopo,⁹
1035 3773 1233 3866 apostolice
1249 3773 1341 3846 sedis
1357 3774 1503 3872 Legato,

361 3885 512 3959 salutem
528 3895 566 3958 et
582 3886 808 3980 apostolicam
824 3889 1116 3962 benedictionem.
1168 3887 1328 3962 Fratrem
1345 3899 1501 3966 nostrum

362 4000 546 4074 Urbanum
564 4000 828 4076 Landavensem
846 4003 1059 4099 Episcopum
1079 4007 1118 4076 in
1137 4028 1241 4078 causa
1266 4029 1336 4091 sua,
1361 4029 1438 4098 quc
1460 4009 1499 4078 iu

361 4127 424 4192 tua
441 4126 479 4190 et
495 4117 642 4190 eliomm
661 4119 844 4212 praesentia
860 4121 966 4194 debet
982 4123 1134 4206 tractari,
1151 4131 1227 4196 tem
1243 4145 1382 4196 suorum
1397 4121 1500 4196 cleri-

393 4489 486 4546 1Ηιοο
502 4489 580 4546 bulla
596 4491 713 4548 secunda
729 4493 786 4548 vice
803 4493 929 4566 hebetur,
946 4512 1012 4550 narn
1029 4497 1122 4552 aedem
1139 4497 1266 4566 occurrit,
1283 4515 1312 4570 p.
1329 4501 1374 4553 68.
1417 4499 1504 4573 fleg.

362 4579 495 4634 Willelmo.
513 4577 547 4634 E.
586 4578 650 4635 ³Slc
669 4578 702 4634 0.
719 4581 814 4649 oborta
832 4581 872 4637 Η.
908 4583 996 4655 ⁴Leg.
1013 4585 1147 4639 Urbanus.
1165 4583 1200 4640 Ε.
1235 4585 1333 4638 ⁶Nibr'l
1347 4585 1504 4659 suppletur.

356 4663 390 4719 B.
438 4663 504 4720 ⁶Sic
520 4683 623 4735 rursus,
640 4666 710 4722 forte
727 4684 776 4739 pro
793 4672 1011 4726 terminationem.
1030 4671 1064 4727 Β.
1102 4672 1234 4726 murita
1250 4675 1345 4729 morti.
1364 4671 1397 4728 0.
1444 4675 1502 4728 ⁸14

354 4751 457 4821 Martii,
476 4751 643 4809 A.D.113-.
678 4754 830 4824 9Ειηόοορο.
849 4756 930 4816 MSS.
948 4775 997 4830 pro
1009 4761 1212 4828 Aretupbcopo.
1232 4757 1264 4812 Β.
