3316 5796
513 837 621 892 amaa
644 837 904 891 naunavansrs.
1088 916 1107 928 Ἴ
1231 818 1278 892 59

139 1009 427 1084 benedictionem.
480 1005 535 1080 Ut
551 1031 620 1101 pax
641 1007 795 1081 eeclesiis
817 1009 998 1089 tribuatur,
1017 1014 1054 1076 et
1071 1029 1132 1078 sua
1148 1008 1275 1101 cuique

132 1129 274 1222 justitia
289 1133 518 1209 conservetur,
535 1126 731 1219 proximam
748 1125 820 1195 divi
834 1124 939 1195 Lucae
956 1123 1192 1208 festivitatem,
1211 1125 1276 1196 tibi

140 1253 180 1316 et
193 1243 374 1315 venerabili
386 1243 487 1314 iratri
499 1251 617 1313 nostro
631 1241 776 1314 Urbano
790 1240 1009 1312 Laudavensi
1023 1238 1196 1334 Episcopo
1209 1249 1279 1312 ter-

139 1361 271 1432 minum
295 1360 551 1442 oonstituimus,
573 1367 746 1452 quatenus
768 1357 970 1452 conspectui
992 1364 1109 1428 nostro
1131 1380 1279 1449 praesen-

137 1478 227 1560 tatis,
245 1475 492 1558 controversia,
510 1497 585 1569 quae
602 1476 646 1548 de
662 1475 916 1570 parochialibus
932 1475 1089 1545 terminis
1109 1475 1279 1547 intervos

136 1592 481 1688 agitatur,finiretur.
523 1591 661 1665 Verum
673 1600 796 1686 postea
807 1593 881 1686 ipse
894 1590 1085 1662 literissuis
1098 1598 1135 1661 et
1147 1593 1279 1664 nuntiis

136 1709 234 1781 nobis
254 1707 475 1804 significavit,
493 1706 768 1780 Archidiaconos
785 1717 864 1779 tuos
888 1731 971 1779 eum
996 1708 1040 1778 de
1064 1709 1278 1800 possessione

135 1825 386 1919 parochiarum
405 1825 449 1895 de
466 1825 592 1917 quibus
608 1827 771 1898 adversm
787 1847 870 1896 eum
887 1831 1029 1918 questus
1046 1847 1092 1908 es,
1110 1824 1281 1896 violenter

136 1944 287 2036 ejecisse.
339 1940 380 2011 N
381 1965 402 2012 e
418 1943 526 2036 igitur
541 1940 591 2013 ei¹
607 1942 680 2013 litis
693 1941 922 2014 extendenda
935 1943 1069 2012 occasio
1085 1942 1280 2034 prebeatur

136 2083 197 2154 per
215 2059 402 2154 prasentia
417 2059 546 2152 scripta
561 2060 627 2130 tibi
651 2060 866 2142 mandemus,
892 2067 1063 2150 quatenus
1088 2059 1125 2129 in
1148 2081 1281 2152 posses-

136 2177 232 2248 sione
251 2175 495 2269 parochiarum
511 2175 640 2268 absque
657 2175 901 2247 molestatione
917 2175 1071 2259 reducas,
1089 2183 1131 2245 ut
1146 2199 1279 2269 posses-

137 2315 195 2364 sor
211 2293 430 2375 constitutus,
447 2291 590 2384 praefixo
606 2293 767 2376 termino,
785 2291 901 2363 valeat
917 2292 982 2362 tibi
1001 2292 1186 2385 judiciario
1196 2293 1278 2385 jure

138 2407 357 2501 respondere.
406 2407 490 2479 Dat.
508 2406 726 2502 Compendii,
744 2427 809 2480 vn.
826 2409 905 2480 idus
919 2405 1078 2502 Aprilis.²

184 2637 450 2712 mammons
463 2640 666 2735 Episcopus,
675 2664 794 2714 servus
806 2663 983 2713 servorum
997 2641 1076 2726 Dei,
1090 2643 1279 2715 venerabili

139 2758 238 2830 fiatri
258 2755 438 2830 Bernardo
456 2757 500 2828 de
521 2755 652 2830 Sancto
674 2757 800 2842 David,
822 2756 973 2829 salutem
994 2765 1031 2829 et
1052 2760 1278 2853 apostolicam

133 2875 425 2948 benedictionem.
475 2873 698 2946 Venerabilis
722 2874 829 2946 frater
852 2882 971 2947 noster
997 2875 1161 2949 Urbanus
1186 2877 1280 2950 Lau·

137 2992 296 3062 dovensis
321 2989 526 3084 Episcopus,
551 3015 615 3086 pro
640 2991 831 3062 obtinenda
856 2991 996 3084 justitia
1020 2992 1174 3066 ecclesiae
1198 3020 1278 3081 suae,

136 3110 190 3180 bis
205 3131 289 3180 cum
305 3106 421 3178 multa
437 3107 642 3202 fatigatione
658 3105 703 3178 ad
719 3109 838 3180 sedem
859 3110 1085 3202 apostolicam
1109 3115 1279 3206 pervenit.

137 3225 371 3296 Postmodum
391 3245 483 3308 vero,
509 3249 531 3296 a
553 3225 804 3318 predecessore
828 3234 947 3298 nostro
971 3227 1081 3300 felicis
1105 3233 1281 3302 memoriae

139 3341 238 3435 Papa
260 3339 431 3423 Honorio,
448 3349 490 3411 ut
505 3343 666 3434 proxima
685 3341 876 3413 festivitate
893 3341 1015 3414 Sancti
1033 3343 1148 3429 Lucae,
1166 3347 1211 3417 ad
1227 3371 1280 3418 se-

140 3459 220 3529 dem
237 3457 466 3551 apostolicam
478 3457 522 3529 de
533 3457 788 3552 parochialibus
803 3460 961 3530 terminis
977 3460 1043 3530 tibi
1059 3484 1282 3554 responsurus

141 3575 268 3656 veniat,
282 3581 449 3646 evocatus
461 3581 523 3646 est.
575 3573 713 3647 Verum
726 3574 775 3645 sio
788 3575 862 3669 ipse
877 3598 941 3668 per
952 3575 1071 3648 literas
1087 3585 1125 3648 et
1141 3580 1282 3651 nuntios

141 3689 351 3784 significavit
377 3691 592 3785 egritudine,
610 3699 801 3775 senectute,
818 3699 856 3763 et
872 3692 989 3786 inopia
1001 3691 1102 3764 valde
1117 3703 1281 3790 maratus

141 3815 208 3890 est,
229 3807 377 3899 ideoque
396 3806 540 3900 prefato
561 3809 712 3878 termino
728 3830 766 3878 se
783 3832 854 3879 non
874 3831 975 3902 posse
991 3810 1109 3881 venire
1125 3815 1280 3884 asseruit.

143 3921 223 3994 Nos
238 3924 346 4018 igitur
361 3923 396 3994 ei
412 3924 591 4016 compassi,
608 3922 782 3995 inducias⁴
797 3925 872 4018 ejus
884 3925 1035 3997 Romam
1048 3928 1219 4012 veniendi,
1237 3929 1283 4001 ab

141 4039 205 4110 hac
217 4039 337 4112 media
349 4039 993 4134 quadragesimausqueadtresannos,
1006 4044 1126 4115 habito
1136 4045 1284 4118 fratrum

143 4164 340 4226 nostrorum
357 4155 511 4239 eonsili0,
528 4156 745 4228 indulsimus.
785 4156 934 4229 Praefato
946 4160 1055 4254 igitur
1066 4163 1225 4246 termino,
1239 4164 1284 4234 de

144 4268 372 4344 lannteliau⁵
391 4293 493 4341 maur
518 4294 597 4343 cum
618 4274 838 4367 pertinentiis
855 4277 933 4359 suis,
959 4283 997 4346 et
1013 4277 1058 4346 de
1075 4275 1285 4349 Lannteliau

143 4383 325 4472 Pimseint,
344 4386 429 4458 Geir
445 4389 551 4473 caiau
569 4391 668 4462 etde
685 4390 896 4463 Lannteliau
913 4389 1093 4463 Mainaur⁰
1110 4415 1191 4463 cum
1207 4417 1285 4486 per-

175 4707 322 4764 'sideest
335 4709 372 4765 0.
409 4707 448 4768 ²7
462 4709 570 4782 Aprilis,
582 4715 660 4768 113-.
695 4710 870 4767 ³Hacbulls
880 4711 1066 4766 sccrmdarice
1081 4711 1205 4780 habetur,
1222 4729 1286 4766 nam

144 4795 228 4851 Mem
240 4796 374 4868 occurrit,
394 4813 424 4868 p.
437 4799 471 4850 54
514 4799 666 4855 *indutiae
685 4799 720 4855 Ο.
755 4799 922 4854 ttontatoa.
941 4797 974 4853 0.
1009 4799 1193 4853 ⁶Moinmoar.
1212 4797 1246 4852 Ο.

715 4911 728 4962 Ι
