3316 5796
512 797 619 850 nram
642 797 905 851 tasuavnssrs.
1232 785 1279 858 63

130 989 264 1050 corum,
275 972 431 1059 quamet
443 962 593 1035 aliorum
605 965 797 1036 amicorum
810 989 914 1061 cgere
924 966 1068 1040 consilio
1087 977 1126 1040 et
1137 971 1279 1058 auxilio,

22 1162 24 1176 ,
131 1106 205 1154 non
225 1080 338 1154 ertat¹
360 1081 579 1174 ambiguum.
635 1079 788 1153 Proinde
808 1083 988 1156 dilectioni
1008 1091 1079 1156 tuae
1098 1109 1162 1180 per
1182 1111 1281 1184 apos-

22 1179 23 1224 ³
133 1198 241 1270 tolica
266 1199 407 1292 scripta
436 1197 655 1281 mandamus,
681 1206 854 1290 quatenus
879 1199 1034 1272 Clericus
1057 1202 1142 1295 ejus,
1168 1204 1280 1277 donec

132 1339 234 1388 causa
252 1315 326 1386 line
347 1314 472 1385 debito
492 1315 710 1398 terminetur,
735 1315 773 1386 in
797 1339 885 1409 pace
905 1317 1072 1402 dimittas,
1098 1327 1137 1390 et
1160 1321 1213 1392 ire
1235 1324 1281 1394 ad

123 1433 300 1526 judicium
316 1455 391 1504 non
407 1430 607 1523 compellas.
659 1429 743 1502 Dat.
762 1431 949 1518 Valentia,
967 1455 1049 1506 non
1067 1433 1218 1508 Martii.¹

173 1666 442 1739 Ivsvocurvrrus
455 1665 657 1760 Episcopus,
671 1687 790 1737 servus
798 1689 976 1738 servorum
993 1667 1073 1752 Dei,
1087 1673 1277 1745 venerabili

127 1786 220 1857 fratri
241 1784 401 1868 Urbano,
416 1781 635 1855 landavensi
647 1781 832 1876 Episcopo,
843 1783 1042 1856 salutemet
1053 1788 1279 1881 apostolicam

128 1901 427 1974 benedictionem.
454 1898 713 1994 Religiosorum
725 1899 862 1972 animus
870 1901 1025 1993 quietem
1034 1905 1204 1996 postulat3
1218 1908 1278 2000 qui

129 2019 211 2090 dum
225 2018 267 2088 in
280 2017 420 2090 diversa
428 2017 571 2110 rapitur,
582 2015 628 2086 sd
638 2015 943 2109 contemplationis
952 2019 1072 2090 sedem
1081 2022 1278 2118 pertingere

128 2159 196 2206 non
219 2134 366 2206 valebit.
418 2132 576 2226 Expedit
599 2133 717 2226 igitur,
742 2131 852 2204 frater
871 2131 1095 2220 charissime,8
1117 2145 1161 2208 nt
1180 2141 1279 2233 cnjus

124 2252 218 2344 juris
230 2247 317 2322 sint⁴
328 2249 545 2344 parochiales
557 2249 709 2332 termini,
723 2271 828 2343 super
839 2251 966 2343 quibus
976 2251 1070 2324 inter
1080 2261 1129 2338 te,
1142 2263 1180 2326 et
1192 2253 1279 2328 Ber-

132 2367 287 2438 nardum
307 2365 519 2460 Episcopum
540 2363 663 2436 Sancti
685 2363 803 2437 David
828 2369 1063 2440 controversia
1086 2377 1150 2454 est,
1174 2370 1280 2465 plene

132 2505 335 2579 cognoscas.
381 2480 444 2553 Ad
468 2479 674 2554 concilium⁵
696 2482 817 2575 itaque
843 2483 937 2576 quod
961 2484 1093 2570 Remis,
1118 2489 1280 2581 proxima

129 2599 328 2672 festivitate
345 2596 456 2671 beati⁶
473 2596 581 2670 Lucra
598 2598 802 2695 (adjuvante
818 2597 987 2692 Domino)
1005 2602 1213 2676 celebraturi
1222 2627 1278 2678 su·

128 2739 223 2800 mus,
241 2715 336 2788 omni
351 2715 534 2787 occasione
554 2716 706 2809 seposita
720 2715 850 2800 venias,
867 2716 1012 2809 proefato
1030 2716 1203 2815 Episcopo
1233 2723 1279 2794 de

127 2831 388 2928 parochialibus
408 2832 568 2904 terminis
584 2853 824 2926 responsurum
849 2833 996 2927 utquid
1013 2833 1104 2928 juris
1124 2837 1279 2911 ecclesias

126 2960 200 3022 trrar
216 2951 273 3032 sit,
296 2950 510 3043 sapientium
535 2956 573 3020 et
593 2946 795 3043 religiosum
810 2949 964 3020 virorum
984 2949 1152 3038 consilio,⁷
1167 2961 1206 3026 et
1219 2955 1278 3048 ju-

127 3069 223 3139 dicio
236 3067 434 3150 decidatur3
459 3073 497 3136 et
510 3066 662 3147 demum,
677 3066 825 3137 veritate
838 3065 1027 3160 comperti,
1043 3092 1113 3163 pax
1130 3081 1168 3143 et
1184 3079 1279 3143 tran.

126 3183 288 3277 quillitas
300 3181 521 3254 landavensi
537 3179 693 3253 ecclesiae
707 3177 840 3277 (divini
855 3181 1066 3278 suffragante
1076 3185 1204 3280 gratii)
1218 3189 1281 3259 tri.

126 3303 269 3372 buatur.
320 3298 442 3372 Satius
457 3299 565 3370 etiam
581 3307 636 3369 est
652 3297 802 3368 eandem
818 3297 929 3382 litem,
943 3301 1017 3372 sine
1029 3301 1144 3376 multa
1154 3304 1279 3399 fatiga-

128 3419 228 3490 tione
243 3419 283 3489 in
299 3416 468 3489 Remensi
481 3411 656 3487 Concilio⁸
672 3413 798 3498 dirimi,
817 3435 923 3508 quam
939 3415 1063 3488 Romae
1078 3420 1201 3491 multis
1216 3443 1278 3492 ex·

129 3535 248 3628 pensis
277 3541 317 3605 et
339 3532 516 3606 laboribus
542 3531 732 3603 terminari.
800 3529 884 3603 Dat
907 3530 1124 3618 Altisiodori,
1142 3555 1182 3606 11.
1199 3536 1279 3610 idus

130 3647 312 3749 Augusti.⁹

179 3884 437 3958 Irruocmsmus
449 3881 653 3978 Episcopum,
664 3903 784 3956 servus
800 3904 979 3956 servorum
993 3882 1073 3971 Dei,
1087 3889 1276 3962 venerabili

128 4003 226 4074 fratri
238 4001 397 4085 Urbano,
408 4000 628 4073 landavensi
641 3997 826 4093 Episcopo,
836 3999 987 4072 salutem
1000 4010 1039 4074 et
1050 4007 1276 4098 apostolicam

128 4119 423 4192 benedictionem.
475 4117 529 4190 Ut
553 4117 597 4188 lis
620 4125 660 4188 ct
683 4116 927 4201 controversia,
953 4141 1031 4210 quae
1047 4120 1142 4193 inter
1164 4131 1212 4208 te,
1238 4131 1277 4195 et

130 4233 273 4309 fratrem
289 4243 460 4318 nostrum,
473 4231 544 4304 B.¹⁰
560 4232 774 4327 Episcopum
787 4229 909 4304 Sancti
922 4231 1050 4321 David,
1062 4237 1107 4310 de
1119 4241 1277 4333 parochi·

163 4569 503 4629 iscamaratuss
538 4569 690 4638 ²7an
708 4569 877 4626 A.D.113-.
911 4571 1086 4630 maroam.
1105 4573 1145 4630 Η.
1178 4576 1276 4636 *sana

130 4657 161 4714 ο,
193 4658 430 4718 ammo.
467 4657 561 4712 “Diri
579 4657 613 4713 0.
648 4656 912 4725 wadmonte.
931 4657 969 4714 H.
1003 4659 1278 4736 ⁸Sico.coos'h·o,et

128 4745 227 4805 desum.
248 4749 288 4803 Il.
326 4745 530 4815 ⁹12Augusti
543 4744 618 4800 ab.
633 4747 710 4800 1131.
747 4743 1030 4814 ¹⁰Isg.Bcrnurdam.
1049 4747 1083 4803 E.
