3348 5804
329 833 376 902 10
701 848 808 899 ummo
832 847 1091 897 aauuxvuusrs.

327 1019 490 1088 cretione.
550 1017 630 1100 Qui,
659 1038 739 1086 cum
764 1015 980 1107 loquebatur,
1010 1014 1223 1100 audiebatur,
1250 1023 1287 1084 et
1314 1014 1465 1086 mirabili

328 1131 507 1206 audientia
531 1157 594 1227 pro
621 1130 730 1203 nimii
756 1133 945 1227 sagacitate
972 1132 1009 1201 in
1033 1139 1172 1201 tantum
1189 1134 1282 1225 quod
1301 1132 1412 1203 clerus
1429 1139 1468 1202 et

328 1249 477 1344 populus
501 1274 523 1322 a
547 1246 712 1343 primaevi
736 1257 839 1320 aetate
865 1248 1012 1330 dicebat,
1040 1245 1164 1320 “Puer
1187 1249 1254 1320 iste
1277 1250 1330 1319 vir
1354 1245 1465 1320 nobisl

329 1368 506 1450 “flaturus,
541 1365 695 1437 solamen
728 1373 765 1436 et
798 1387 875 1458 spes
907 1365 1017 1435 totius
1050 1365 1179 1456 patriae,
1214 1367 1267 1436 vir
1298 1365 1466 1438 mirabilis

329 1484 543 1566 “memoriae,
578 1490 616 1553 et
648 1504 791 1553 summae
824 1481 1025 1574 prudentiae,
1060 1489 1097 1551 et
1132 1483 1187 1576 (ut
1219 1483 1347 1552 dicitur
1374 1481 1467 1553 filius

329 1599 484 1689 “bonus)
518 1599 685 1694 gaudium
718 1599 826 1670 totius
859 1595 1075 1690 parentelae.”
1131 1597 1338 1669 Dormiente
1366 1609 1466 1691 patre

328 1715 486 1788 Ammon
507 1716 658 1809 quadam
677 1722 790 1797 nocte,
816 1737 861 1784 ex
884 1715 1032 1807 abrupto
1052 1714 1267 1807 stupefactus
1287 1725 1326 1787 et
1346 1740 1469 1810 exper-

327 1832 486 1928 gefactus
511 1841 573 1916 est,
599 1855 662 1925 pro
687 1827 797 1902 nimici
820 1837 857 1900 et
880 1829 1036 1900 horribili
1062 1830 1212 1915 visione3
1242 1839 1279 1902 et
1303 1831 1466 1916 clamans,

329 1951 429 2032 dixit,
465 1948 529 2022 “O
555 1971 659 2042 quam
692 1946 856 2040 pavidus!
892 1969 953 2016 cur
985 1946 1175 2018 tremesco!
1227 1947 1388 2041 Oquam
1412 1951 1468 2020 iu-

329 2065 483 2136 “debilis
507 2065 638 2137 sentio!
690 2063 765 2136 Vix
780 2085 924 2134 manum
949 2061 1073 2144 levare,
1099 2085 1165 2134 nec
1181 2064 1307 2156 pedem
1326 2088 1467 2138 movere

330 2181 526 2253 convaleo.’'
576 2179 712 2253 Audito
741 2182 785 2252 ab
810 2203 920 2251 uxore
948 2203 1019 2263 sua,
1046 2178 1197 2252 clamore
1221 2182 1324 2252 simul
1340 2191 1376 2253 et
1392 2192 1467 2254 stu-

328 2322 413 2391 pore
446 2299 561 2391 ipsius,
588 2297 742 2370 domiuo²
770 2299 870 2381 dixit,
897 2295 961 2367 “0
986 2296 1063 2390 pie!
1089 2295 1123 2369 O
1148 2299 1292 2370 marite!
1318 2299 1469 2372 clamas:

331 2415 446 2508 “quid
471 2413 651 2486 clamasti?
704 2414 838 2508 Luges:
868 2415 962 2484 unde
986 2413 1102 2483 luctus
1127 2414 1216 2486 tibi?
1266 2413 1344 2486 Aut
1367 2414 1472 2489 iufra³

332 2541 352 2572 “
362 2531 545 2614 somnium,
571 2539 633 2602 aut
653 2541 745 2615 ante,
769 2531 864 2602 aliud
884 2530 1129 2600 inconveniens
1150 2531 1314 2602 vidisti?
1364 2532 1470 2618 Quod

330 2647 472 2718 solitum
496 2655 538 2718 ut
563 2649 727 2742 quicquid
751 2648 875 2740 aliquia
899 2654 982 2717 aute
1007 2647 1289 2718 dormitationem
1305 2652 1471 2744 praecogi-

330 2771 394 2846 tat,
412 2763 479 2834 hoc
504 2765 598 2835 idem
621 2766 659 2834 iu
684 2765 807 2836 eadem
824 2765 951 2835 evenit.
1003 2760 1074 2846 Qui
1101 2763 1199 2846 dixit,
1231 2764 1470 2858 “Cogitabam

331 2880 503 2972 “quidem
521 2881 565 2951 de
581 2881 684 2952 unico
700 2881 773 2951 filio
789 2903 878 2963 meo,
897 2889 934 2951 et
948 2880 1177 2972 pemotabam
1190 2880 1374 2972 qualitates
1391 2906 1470 2955 suas

333 2993 525 3066 “honestes
551 2998 589 3066 in
611 2999 779 3080 omnibus,
806 3005 843 3068 et
865 2997 969 3091 regiae
992 2997 1094 3066 curiae
1117 3004 1225 3089 aptas,
1247 3005 1287 3067 ut
1308 2998 1409 3070 decet
1431 3007 1470 3071 et

333 3117 354 3152 “
363 3111 558 3204 parentelae,
588 3137 654 3184 uec
678 3115 722 3184 ad
748 3113 856 3184 alium
880 3136 983 3184 usum
1007 3114 1229 3206 apparandus,
1256 3115 1322 3185 uisi
1347 3115 1391 3185 ad
1415 3141 1470 3187 re-

334 3229 518 3321 “gendum
538 3228 708 3322 populum
729 3253 831 3301 suum
851 3229 976 3324 gladio,
1003 3237 1040 3299 et
1061 3229 1173 3301 laicali
1192 3231 1350 3321 justitia:
1375 3234 1470 3325 quod

334 3353 354 3384 “
364 3346 480 3439 impie,
498 3348 593 3438 quod
608 3347 745 3439 injuste,
763 3371 829 3418 nec
849 3347 945 3417 cordi
969 3369 1049 3417 meo
1074 3348 1173 3417 sedet
1189 3348 1234 3418 de
1250 3349 1369 3441 iniqua
1384 3372 1472 3442 prae-

334 3471 354 3502 “
364 3462 585 3557 cogitatione,
614 3472 656 3535 ut
685 3465 778 3557 quod
805 3463 912 3534 michi
939 3461 1036 3534 Deus
1065 3465 1163 3535 dedit
1189 3465 1234 3535 ad
1261 3473 1401 3559 tempus
1429 3475 1473 3537 ut

335 3575 583 3664 “consolarer,⁴
611 3589 648 3652 et
673 3582 767 3674 quod
791 3581 856 3652 sibi
882 3587 964 3652 ante
988 3587 1127 3672 tempus
1152 3583 1368 3674 concipiendi
1392 3606 1473 3677 pro-

335 3697 453 3778 “misi
488 3704 526 3766 et
558 3705 637 3790 post
670 3706 809 3791 tempus
833 3697 1057 3791 parturiendi,
1086 3697 1150 3767 sibi
1177 3696 1243 3790 ipsi
1269 3707 1305 3768 et
1335 3721 1472 3770 summo

334 3813 454 3904 “patri
487 3836 567 3884 meo
601 3813 778 3898 Dubricio,
813 3823 850 3885 et
882 3822 1028 3907 patrono
1062 3811 1181 3884 Ilduto
1209 3816 1335 3909 pepigi,
1366 3823 1402 3886 et
1435 3817 1475 3886 iu

335 3926 530 4019 “primaevi
558 3937 661 4001 aetate
689 3930 756 4002 hoc
784 3931 880 4002 idem
912 3931 1047 4001 auferre
1081 3929 1185 4000 volui.
1237 3929 1334 4001 Nam
1367 3954 1475 4024 quem

335 4045 527 4137 “proposui
564 4044 819 4118 hereditarium
856 4049 894 4118 in
926 4048 1053 4130 seculo,
1096 4043 1344 4118 haereditarius⁵
1373 4050 1417 4119 sit
1451 4072 1477 4120 a

336 4161 470 4231 “modo
500 4161 537 4230 iu
562 4163 729 4254 paradiso,
758 4172 800 4235 ut
833 4165 940 4234 aimus
973 4163 1077 4234 simul
1109 4163 1295 4256 participes
1327 4167 1475 4258 perenni

335 4285 355 4315 “
365 4276 489 4346 solatio
506 4286 543 4348 et
559 4278 719 4370 palatio.’'
768 4279 889 4376 Ambo
906 4281 1161 4352 consentientes
1177 4279 1222 4352 ad
1237 4304 1356 4367 unum,
1374 4290 1480 4375 pater

335 4401 374 4464 et
389 4402 510 4479 mater,
529 4395 705 4469 duxeramt
720 4397 832 4468 filium
847 4399 990 4469 unicum
1007 4396 1242 4468 voluntarium
1262 4399 1352 4470 bene
1369 4421 1480 4495 agen-

372 4730 435 4786 ¹Sic
453 4732 492 4789 H.
509 4738 599 4790 tanao.
628 4735 662 4792 Ο.
709 4737 811 4793 'Forte
828 4741 911 4807 ἰρεὶιω
928 4741 1035 4794 domini.
1069 4738 1103 4793 B.
1150 4736 1225 4792 'Hic
1243 4742 1271 4791 et
1288 4737 1317 4790 iu
1334 4733 1393 4788 aliis
1410 4732 1481 4790 locis

335 4818 432 4874 codicis
442 4837 492 4892 pro
504 4825 586 4880 intra.
606 4822 638 4879 E.
676 4827 851 4881 ⁴Oomolorct.
869 4826 904 4882 0.
938 4827 1150 4897 “Hoercdcrium
1169 4831 1197 4882 et
1208 4825 1376 4879 lardarius.
1395 4821 1430 4876 0.
