<?xml version="1.0" encoding="UTF-8"?>
<!DOCTYPE html PUBLIC "-//W3C//DTD XHTML 1.0 Transitional//EN"
    "http://www.w3.org/TR/xhtml1/DTD/xhtml1-transitional.dtd">
<html xmlns="http://www.w3.org/1999/xhtml" xml:lang="en" lang="en">
 <head>
  <title>
</title>
<meta http-equiv="Content-Type" content="text/html;charset=utf-8" />
  <meta name='ocr-system' content='tesseract 3.04.00' />
  <meta name='ocr-capabilities' content='ocr_page ocr_carea ocr_par ocr_line ocrx_word'/>
</head>
<body>
  <div class='ocr_page' id='page_1' title='image "./liberlandavensi00reesgoog/liberlandavensi00reesgoog_0217.png"; bbox 0 0 3318 5804; ppageno 0'>
   <div class='ocr_carea' id='block_1_1' title="bbox 510 802 1269 874">
    <p class='ocr_par' dir='ltr' id='par_1_1' title="bbox 510 802 1269 874">
     <span class='ocr_line' id='line_1_1' title="bbox 510 802 1269 874; baseline 0.003 -3"><span class='ocrx_word' id='word_1_1' title='bbox 510 821 619 872; x_wconf 78' lang='lat' dir='ltr'><strong>urana</strong></span> <span class='ocrx_word' id='word_1_2' title='bbox 641 820 898 872; x_wconf 74' lang='lat' dir='ltr'><strong>nmoavsusrs.</strong></span> <span class='ocrx_word' id='word_1_3' title='bbox 1199 802 1269 874; x_wconf 81' lang='lat'><strong>159</strong></span> 
     </span>
    </p>
   </div>
   <div class='ocr_carea' id='block_1_2' title="bbox 134 987 1267 1082">
    <p class='ocr_par' dir='ltr' id='par_1_2' title="bbox 134 987 1267 1082">
     <span class='ocr_line' id='line_1_2' title="bbox 134 987 1267 1082; baseline -0.003 -21"><span class='ocrx_word' id='word_1_4' title='bbox 134 998 171 1061; x_wconf 89' lang='lat' dir='ltr'><strong>et</strong></span> <span class='ocrx_word' id='word_1_5' title='bbox 188 991 258 1060; x_wconf 91' lang='lat' dir='ltr'><strong>iret</strong></span> <span class='ocrx_word' id='word_1_6' title='bbox 274 990 311 1058; x_wconf 93' lang='lat' dir='ltr'><strong>in</strong></span> <span class='ocrx_word' id='word_1_7' title='bbox 326 988 648 1082; x_wconf 78' lang='lat' dir='ltr'>peregrinationem,</span> <span class='ocrx_word' id='word_1_8' title='bbox 667 987 808 1060; x_wconf 89' lang='lat' dir='ltr'><strong>viduato</strong></span> <span class='ocrx_word' id='word_1_9' title='bbox 824 1009 929 1080; x_wconf 85' lang='lat' dir='ltr'><strong>ragno</strong></span> <span class='ocrx_word' id='word_1_10' title='bbox 946 1008 1018 1068; x_wconf 91' lang='lat' dir='ltr'><strong>suo,</strong></span> <span class='ocrx_word' id='word_1_11' title='bbox 1036 993 1073 1056; x_wconf 88' lang='lat' dir='ltr'><strong>et</strong></span> <span class='ocrx_word' id='word_1_12' title='bbox 1088 1008 1267 1058; x_wconf 83' lang='lat' dir='ltr'><strong>mansurus</strong></span> 
     </span>
    </p>
   </div>
   <div class='ocr_carea' id='block_1_3' title="bbox 12 1101 1267 1205">
    <p class='ocr_par' dir='ltr' id='par_1_3' title="bbox 12 1101 1267 1205">
     <span class='ocr_line' id='line_1_3' title="bbox 12 1101 1267 1205; baseline -0.002 -28"><span class='ocrx_word' id='word_1_13' title='bbox 12 1160 14 1205; x_wconf 56' lang='lat'><strong>3</strong></span> <span class='ocrx_word' id='word_1_14' title='bbox 134 1103 464 1198; x_wconf 81' lang='lat' dir='ltr'><strong>semper¹inexilio</strong></span> <span class='ocrx_word' id='word_1_15' title='bbox 515 1101 601 1174; x_wconf 90' lang='lat' dir='ltr'><strong>Post</strong></span> <span class='ocrx_word' id='word_1_16' title='bbox 616 1103 690 1174; x_wconf 83' lang='lat' dir='ltr'><strong>haec</strong></span> <span class='ocrx_word' id='word_1_17' title='bbox 703 1101 880 1187; x_wconf 89' lang='lat' dir='ltr'><strong>Diabolus,</strong></span> <span class='ocrx_word' id='word_1_18' title='bbox 894 1103 953 1196; x_wconf 92' lang='lat' dir='ltr'><strong>qui</strong></span> <span class='ocrx_word' id='word_1_19' title='bbox 965 1111 1100 1196; x_wconf 88' lang='lat' dir='ltr'><strong>patrem</strong></span> <span class='ocrx_word' id='word_1_20' title='bbox 1111 1113 1267 1174; x_wconf 87' lang='lat' dir='ltr'><strong>nostrum</strong></span> 
     </span>
    </p>
   </div>
   <div class='ocr_carea' id='block_1_4' title="bbox 134 1217 1270 2129">
    <p class='ocr_par' dir='ltr' id='par_1_4' title="bbox 134 1217 1270 2129">
     <span class='ocr_line' id='line_1_4' title="bbox 136 1217 1267 1314; baseline 0 -22"><span class='ocrx_word' id='word_1_21' title='bbox 136 1219 265 1304; x_wconf 87' lang='lat' dir='ltr'><strong>Adam,</strong></span> <span class='ocrx_word' id='word_1_22' title='bbox 289 1222 441 1314; x_wconf 91' lang='lat' dir='ltr'><strong>primum</strong></span> <span class='ocrx_word' id='word_1_23' title='bbox 468 1228 649 1313; x_wconf 85' lang='lat' dir='ltr'><strong>parentem</strong></span> <span class='ocrx_word' id='word_1_24' title='bbox 675 1229 840 1303; x_wconf 87' lang='lat' dir='ltr'><strong>nostrum,</strong></span> <span class='ocrx_word' id='word_1_25' title='bbox 866 1217 1010 1292; x_wconf 86' lang='lat' dir='ltr'><strong>subdola</strong></span> <span class='ocrx_word' id='word_1_26' title='bbox 1033 1219 1267 1292; x_wconf 82' lang='lat' dir='ltr'>admonitione</span> 
     </span>
     <span class='ocr_line' id='line_1_5' title="bbox 136 1335 1269 1432; baseline -0.002 -22"><span class='ocrx_word' id='word_1_27' title='bbox 136 1360 202 1410; x_wconf 88' lang='lat' dir='ltr'><strong>sua</strong></span> <span class='ocrx_word' id='word_1_28' title='bbox 223 1338 368 1430; x_wconf 87' lang='lat' dir='ltr'><strong>projecit</strong></span> <span class='ocrx_word' id='word_1_29' title='bbox 392 1361 414 1407; x_wconf 89' lang='lat' dir='ltr'><strong>e</strong></span> <span class='ocrx_word' id='word_1_30' title='bbox 437 1337 594 1429; x_wconf 78' lang='lat' dir='ltr'><strong>paradiso</strong></span> <span class='ocrx_word' id='word_1_31' title='bbox 625 1336 675 1432; x_wconf 85' lang='lat' dir='ltr'><strong>(id</strong></span> <span class='ocrx_word' id='word_1_32' title='bbox 699 1344 762 1419; x_wconf 78' lang='lat' dir='ltr'><strong>est,</strong></span> <span class='ocrx_word' id='word_1_33' title='bbox 789 1336 833 1408; x_wconf 92' lang='lat' dir='ltr'><strong>de</strong></span> <span class='ocrx_word' id='word_1_34' title='bbox 857 1337 939 1408; x_wconf 86' lang='lat' dir='ltr'><strong>sede</strong></span> <span class='ocrx_word' id='word_1_35' title='bbox 964 1335 1164 1408; x_wconf 85' lang='lat' dir='ltr'><strong>deliciomm</strong></span> <span class='ocrx_word' id='word_1_36' title='bbox 1188 1360 1269 1408; x_wconf 86' lang='lat' dir='ltr'><strong>cum</strong></span> 
     </span>
     <span class='ocr_line' id='line_1_6' title="bbox 136 1451 1267 1546; baseline 0 -22"><span class='ocrx_word' id='word_1_37' title='bbox 136 1477 222 1546; x_wconf 86' lang='lat' dir='ltr'><strong>pace</strong></span> <span class='ocrx_word' id='word_1_38' title='bbox 239 1451 482 1546; x_wconf 73' lang='lat' dir='ltr'><strong>qmetal—ille</strong></span> <span class='ocrx_word' id='word_1_39' title='bbox 498 1453 592 1523; x_wconf 93' lang='lat' dir='ltr'><strong>idem</strong></span> <span class='ocrx_word' id='word_1_40' title='bbox 605 1451 690 1523; x_wconf 88' lang='lat' dir='ltr'><strong>fecit</strong></span> <span class='ocrx_word' id='word_1_41' title='bbox 702 1453 821 1524; x_wconf 83' lang='lat' dir='ltr'><strong>fraude</strong></span> <span class='ocrx_word' id='word_1_42' title='bbox 838 1475 909 1537; x_wconf 86' lang='lat' dir='ltr'><strong>sua,</strong></span> <span class='ocrx_word' id='word_1_43' title='bbox 923 1453 1015 1546; x_wconf 92' lang='lat' dir='ltr'><strong>quod</strong></span> <span class='ocrx_word' id='word_1_44' title='bbox 1026 1451 1167 1524; x_wconf 82' lang='lat' dir='ltr'><strong>Tendur</strong></span> <span class='ocrx_word' id='word_1_45' title='bbox 1178 1453 1267 1536; x_wconf 83' lang='lat' dir='ltr'><strong>Rex,</strong></span> 
     </span>
     <span class='ocr_line' id='line_1_7' title="bbox 134 1566 1269 1663; baseline 0.002 -24"><span class='ocrx_word' id='word_1_46' title='bbox 134 1578 236 1662; x_wconf 83' lang='lat' dir='ltr'><strong>rupta</strong></span> <span class='ocrx_word' id='word_1_47' title='bbox 251 1593 348 1662; x_wconf 82' lang='lat' dir='ltr'><strong>pace,</strong></span> <span class='ocrx_word' id='word_1_48' title='bbox 366 1569 494 1638; x_wconf 88' lang='lat' dir='ltr'><strong>occidit</strong></span> <span class='ocrx_word' id='word_1_49' title='bbox 512 1567 626 1663; x_wconf 87' lang='lat' dir='ltr'><strong>Elgist</strong></span> <span class='ocrx_word' id='word_1_50' title='bbox 642 1567 754 1638; x_wconf 89' lang='lat' dir='ltr'><strong>filium</strong></span> <span class='ocrx_word' id='word_1_51' title='bbox 770 1566 921 1663; x_wconf 82' lang='lat' dir='ltr'>August,</span> <span class='ocrx_word' id='word_1_52' title='bbox 938 1577 1124 1663; x_wconf 89' lang='lat' dir='ltr'><strong>utrumque</strong></span> <span class='ocrx_word' id='word_1_53' title='bbox 1141 1569 1269 1641; x_wconf 85' lang='lat' dir='ltr'><strong>faciens</strong></span> 
     </span>
     <span class='ocr_line' id='line_1_8' title="bbox 134 1683 1267 1778; baseline 0.003 -23"><span class='ocrx_word' id='word_1_54' title='bbox 134 1686 362 1756; x_wconf 86' lang='lat' dir='ltr'><strong>homicidium</strong></span> <span class='ocrx_word' id='word_1_55' title='bbox 392 1683 493 1756; x_wconf 91' lang='lat' dir='ltr'><strong>simul</strong></span> <span class='ocrx_word' id='word_1_56' title='bbox 522 1693 560 1756; x_wconf 89' lang='lat' dir='ltr'><strong>et</strong></span> <span class='ocrx_word' id='word_1_57' title='bbox 587 1685 785 1778; x_wconf 78' lang='lat' dir='ltr'><strong>perjurium.</strong></span> <span class='ocrx_word' id='word_1_58' title='bbox 849 1685 928 1772; x_wconf 84' lang='lat' dir='ltr'><strong>Quo</strong></span> <span class='ocrx_word' id='word_1_59' title='bbox 958 1686 1050 1757; x_wconf 86' lang='lat' dir='ltr'><strong>facto</strong></span> <span class='ocrx_word' id='word_1_60' title='bbox 1076 1695 1113 1758; x_wconf 93' lang='lat' dir='ltr'><strong>et</strong></span> <span class='ocrx_word' id='word_1_61' title='bbox 1139 1688 1267 1771; x_wconf 89' lang='lat' dir='ltr'><strong>audito,</strong></span> 
     </span>
     <span class='ocr_line' id='line_1_9' title="bbox 137 1800 1269 1895; baseline -0.001 -23"><span class='ocrx_word' id='word_1_62' title='bbox 137 1801 331 1895; x_wconf 77' lang='lat' dir='ltr'><strong>Episcopus</strong></span> <span class='ocrx_word' id='word_1_63' title='bbox 348 1800 500 1883; x_wconf 78' lang='lat' dir='ltr'><strong>Gurvan</strong></span> <span class='ocrx_word' id='word_1_64' title='bbox 518 1801 621 1871; x_wconf 88' lang='lat' dir='ltr'><strong>simul</strong></span> <span class='ocrx_word' id='word_1_65' title='bbox 638 1823 719 1871; x_wconf 91' lang='lat' dir='ltr'><strong>cum</strong></span> <span class='ocrx_word' id='word_1_66' title='bbox 740 1800 832 1871; x_wconf 89' lang='lat' dir='ltr'><strong>clero</strong></span> <span class='ocrx_word' id='word_1_67' title='bbox 852 1824 924 1884; x_wconf 92' lang='lat' dir='ltr'><strong>suo,</strong></span> <span class='ocrx_word' id='word_1_68' title='bbox 941 1802 1150 1873; x_wconf 83' lang='lat' dir='ltr'><strong>homicidam</strong></span> <span class='ocrx_word' id='word_1_69' title='bbox 1166 1802 1269 1873; x_wconf 91' lang='lat' dir='ltr'><strong>simul</strong></span> 
     </span>
     <span class='ocr_line' id='line_1_10' title="bbox 136 1917 1270 2011; baseline 0.002 -23"><span class='ocrx_word' id='word_1_70' title='bbox 136 1926 170 1988; x_wconf 89' lang='lat' dir='ltr'><strong>et</strong></span> <span class='ocrx_word' id='word_1_71' title='bbox 197 1918 379 2011; x_wconf 88' lang='lat' dir='ltr'><strong>perjurum</strong></span> <span class='ocrx_word' id='word_1_72' title='bbox 404 1917 725 2000; x_wconf 81' lang='lat' dir='ltr'><strong>excommunicavit,</strong></span> <span class='ocrx_word' id='word_1_73' title='bbox 751 1917 956 1990; x_wconf 88' lang='lat' dir='ltr'><strong>denudando</strong></span> <span class='ocrx_word' id='word_1_74' title='bbox 980 1918 1102 1989; x_wconf 88' lang='lat' dir='ltr'><strong>altaria</strong></span> <span class='ocrx_word' id='word_1_75' title='bbox 1129 1918 1208 2002; x_wconf 90' lang='lat' dir='ltr'><strong>Dei,</strong></span> <span class='ocrx_word' id='word_1_76' title='bbox 1233 1927 1270 1990; x_wconf 88' lang='lat' dir='ltr'><strong>et</strong></span> 
     </span>
     <span class='ocr_line' id='line_1_11' title="bbox 136 2033 1270 2129; baseline 0.004 -24"><span class='ocrx_word' id='word_1_77' title='bbox 136 2034 386 2126; x_wconf 89' lang='lat' dir='ltr'><strong>prosternendo</strong></span> <span class='ocrx_word' id='word_1_78' title='bbox 407 2055 525 2104; x_wconf 87' lang='lat' dir='ltr'><strong>cruces</strong></span> <span class='ocrx_word' id='word_1_79' title='bbox 545 2034 590 2104; x_wconf 89' lang='lat' dir='ltr'><strong>ad</strong></span> <span class='ocrx_word' id='word_1_80' title='bbox 614 2042 742 2105; x_wconf 87' lang='lat' dir='ltr'><strong>terram</strong></span> <span class='ocrx_word' id='word_1_81' title='bbox 767 2033 869 2105; x_wconf 90' lang='lat' dir='ltr'><strong>simul</strong></span> <span class='ocrx_word' id='word_1_82' title='bbox 890 2044 927 2106; x_wconf 93' lang='lat' dir='ltr'><strong>et</strong></span> <span class='ocrx_word' id='word_1_83' title='bbox 951 2035 1111 2129; x_wconf 71' lang='lat' dir='ltr'><strong>reliquias</strong></span> <span class='ocrx_word' id='word_1_84' title='bbox 1136 2046 1270 2109; x_wconf 89' lang='lat' dir='ltr'><strong>sancto-</strong></span> 
     </span>
    </p>
   </div>
   <div class='ocr_carea' id='block_1_5' title="bbox 28 2149 1271 2234">
    <p class='ocr_par' dir='ltr' id='par_1_5' title="bbox 28 2149 1271 2234">
     <span class='ocr_line' id='line_1_12' title="bbox 28 2149 1271 2234; baseline 0.004 -15"><span class='ocrx_word' id='word_1_85' title='bbox 28 2167 31 2178; x_wconf 88' lang='lat'>·</span> <span class='ocrx_word' id='word_1_86' title='bbox 135 2172 222 2234; x_wconf 85' lang='lat' dir='ltr'><strong>rum,</strong></span> <span class='ocrx_word' id='word_1_87' title='bbox 241 2157 278 2220; x_wconf 90' lang='lat' dir='ltr'><strong>et</strong></span> <span class='ocrx_word' id='word_1_88' title='bbox 294 2149 413 2220; x_wconf 87' lang='lat' dir='ltr'><strong>ablata</strong></span> <span class='ocrx_word' id='word_1_89' title='bbox 429 2150 493 2221; x_wconf 84' lang='lat' dir='ltr'><strong>sibi</strong></span> <span class='ocrx_word' id='word_1_90' title='bbox 509 2158 585 2220; x_wconf 84' lang='lat' dir='ltr'><strong>tota</strong></span> <span class='ocrx_word' id='word_1_91' title='bbox 597 2151 840 2221; x_wconf 90' lang='lat' dir='ltr'><strong>communione</strong></span> <span class='ocrx_word' id='word_1_92' title='bbox 852 2149 1133 2223; x_wconf 87' lang='lat' dir='ltr'><strong>Christianorum.</strong></span> <span class='ocrx_word' id='word_1_93' title='bbox 1184 2151 1271 2224; x_wconf 84' lang='lat' dir='ltr'><strong>Post</strong></span> 
     </span>
    </p>
   </div>
   <div class='ocr_carea' id='block_1_6' title="bbox 129 2265 1270 3174">
    <p class='ocr_par' dir='ltr' id='par_1_6' title="bbox 129 2265 1270 3174">
     <span class='ocr_line' id='line_1_13' title="bbox 135 2265 1270 2361; baseline 0.005 -27"><span class='ocrx_word' id='word_1_94' title='bbox 135 2266 206 2337; x_wconf 85' lang='lat' dir='ltr'><strong>haec</strong></span> <span class='ocrx_word' id='word_1_95' title='bbox 225 2267 347 2338; x_wconf 78' lang='lat' dir='ltr'><strong>videns</strong></span> <span class='ocrx_word' id='word_1_96' title='bbox 364 2266 444 2338; x_wconf 88' lang='lat' dir='ltr'><strong>Rex</strong></span> <span class='ocrx_word' id='word_1_97' title='bbox 460 2265 600 2338; x_wconf 82' lang='lat' dir='ltr'><strong>Teudur</strong></span> <span class='ocrx_word' id='word_1_98' title='bbox 619 2268 693 2361; x_wconf 88' lang='lat' dir='ltr'><strong>pati</strong></span> <span class='ocrx_word' id='word_1_99' title='bbox 713 2290 784 2338; x_wconf 92' lang='lat' dir='ltr'><strong>non</strong></span> <span class='ocrx_word' id='word_1_100' title='bbox 805 2290 905 2361; x_wconf 89' lang='lat' dir='ltr'><strong>posse</strong></span> <span class='ocrx_word' id='word_1_101' title='bbox 926 2268 1215 2352; x_wconf 87' lang='lat' dir='ltr'><strong>maledictionem,</strong></span> <span class='ocrx_word' id='word_1_102' title='bbox 1232 2277 1270 2340; x_wconf 88' lang='lat' dir='ltr'><strong>et</strong></span> 
     </span>
     <span class='ocr_line' id='line_1_14' title="bbox 129 2380 1269 2478; baseline 0.002 -24"><span class='ocrx_word' id='word_1_103' title='bbox 129 2383 277 2474; x_wconf 73' lang='lat' dir='ltr'><strong>justitiae</strong></span> <span class='ocrx_word' id='word_1_104' title='bbox 298 2384 459 2478; x_wconf 86' lang='lat' dir='ltr'><strong>rigorem,</strong></span> <span class='ocrx_word' id='word_1_105' title='bbox 480 2385 639 2476; x_wconf 83' lang='lat' dir='ltr'><strong>&#39;quaesivit</strong></span> <span class='ocrx_word' id='word_1_106' title='bbox 661 2380 813 2455; x_wconf 79' lang='lat' dir='ltr'><strong>veniam²</strong></span> <span class='ocrx_word' id='word_1_107' title='bbox 835 2395 1042 2478; x_wconf 87' lang='lat' dir='ltr'><strong>compuncto</strong></span> <span class='ocrx_word' id='word_1_108' title='bbox 1059 2387 1171 2470; x_wconf 91' lang='lat' dir='ltr'><strong>corde,</strong></span> <span class='ocrx_word' id='word_1_109' title='bbox 1189 2409 1269 2456; x_wconf 86' lang='lat' dir='ltr'><strong>cum</strong></span> 
     </span>
     <span class='ocr_line' id='line_1_15' title="bbox 133 2497 1269 2596; baseline 0.002 -26"><span class='ocrx_word' id='word_1_110' title='bbox 133 2497 252 2572; x_wconf 79' lang='lat' dir='ltr'><strong>effirsis</strong></span> <span class='ocrx_word' id='word_1_111' title='bbox 273 2499 467 2594; x_wconf 79' lang='lat' dir='ltr'><strong>lachrymis,</strong></span> <span class='ocrx_word' id='word_1_112' title='bbox 485 2505 522 2570; x_wconf 88' lang='lat' dir='ltr'><strong>et</strong></span> <span class='ocrx_word' id='word_1_113' title='bbox 542 2500 703 2593; x_wconf 87' lang='lat' dir='ltr'><strong>imposito</strong></span> <span class='ocrx_word' id='word_1_114' title='bbox 719 2500 785 2571; x_wconf 94' lang='lat' dir='ltr'><strong>sibi</strong></span> <span class='ocrx_word' id='word_1_115' title='bbox 798 2501 886 2596; x_wconf 88' lang='lat' dir='ltr'><strong>jugo</strong></span> <span class='ocrx_word' id='word_1_116' title='bbox 902 2501 1115 2595; x_wconf 84' lang='lat' dir='ltr'><strong>poenitentiae</strong></span> <span class='ocrx_word' id='word_1_117' title='bbox 1132 2503 1176 2573; x_wconf 87' lang='lat' dir='ltr'><strong>ad</strong></span> <span class='ocrx_word' id='word_1_118' title='bbox 1195 2526 1269 2572; x_wconf 86' lang='lat' dir='ltr'><strong>mo-</strong></span> 
     </span>
     <span class='ocr_line' id='line_1_16' title="bbox 133 2616 1270 2710; baseline 0.004 -24"><span class='ocrx_word' id='word_1_119' title='bbox 133 2616 213 2688; x_wconf 92' lang='lat' dir='ltr'><strong>dum</strong></span> <span class='ocrx_word' id='word_1_120' title='bbox 237 2616 416 2709; x_wconf 71' lang='lat' dir='ltr'><strong>qualitatis</strong></span> <span class='ocrx_word' id='word_1_121' title='bbox 436 2624 473 2687; x_wconf 91' lang='lat' dir='ltr'><strong>et</strong></span> <span class='ocrx_word' id='word_1_122' title='bbox 495 2617 712 2708; x_wconf 86' lang='lat' dir='ltr'><strong>quantitatis;</strong></span> <span class='ocrx_word' id='word_1_123' title='bbox 737 2640 782 2687; x_wconf 89' lang='lat' dir='ltr'><strong>ne</strong></span> <span class='ocrx_word' id='word_1_124' title='bbox 804 2623 896 2688; x_wconf 87' lang='lat' dir='ltr'><strong>terra</strong></span> <span class='ocrx_word' id='word_1_125' title='bbox 918 2640 980 2689; x_wconf 88' lang='lat' dir='ltr'><strong>sua</strong></span> <span class='ocrx_word' id='word_1_126' title='bbox 1002 2617 1191 2710; x_wconf 87' lang='lat' dir='ltr'><strong>despoliata</strong></span> <span class='ocrx_word' id='word_1_127' title='bbox 1209 2616 1270 2690; x_wconf 85' lang='lat' dir='ltr'><strong>iia-</strong></span> 
     </span>
     <span class='ocr_line' id='line_1_17' title="bbox 132 2731 1270 2827; baseline 0.001 -24"><span class='ocrx_word' id='word_1_128' title='bbox 132 2743 193 2816; x_wconf 78' lang='lat' dir='ltr'><strong>ret</strong></span> <span class='ocrx_word' id='word_1_129' title='bbox 207 2756 333 2805; x_wconf 84' lang='lat' dir='ltr'><strong>carens</strong></span> <span class='ocrx_word' id='word_1_130' title='bbox 348 2733 513 2826; x_wconf 89' lang='lat' dir='ltr'><strong>principe,</strong></span> <span class='ocrx_word' id='word_1_131' title='bbox 532 2731 673 2820; x_wconf 89' lang='lat' dir='ltr'><strong>consilio</strong></span> <span class='ocrx_word' id='word_1_132' title='bbox 690 2733 836 2804; x_wconf 83' lang='lat' dir='ltr'><strong>fratmm</strong></span> <span class='ocrx_word' id='word_1_133' title='bbox 851 2735 959 2806; x_wconf 89' lang='lat' dir='ltr'><strong>totius</strong></span> <span class='ocrx_word' id='word_1_134' title='bbox 974 2733 1153 2827; x_wconf 85' lang='lat' dir='ltr'><strong>parochias,</strong></span> <span class='ocrx_word' id='word_1_135' title='bbox 1170 2733 1270 2804; x_wconf 93' lang='lat' dir='ltr'><strong>illum</strong></span> 
     </span>
     <span class='ocr_line' id='line_1_18' title="bbox 133 2848 1270 2944; baseline 0.004 -26"><span class='ocrx_word' id='word_1_136' title='bbox 133 2848 214 2921; x_wconf 87' lang='lat' dir='ltr'><strong>fecit</strong></span> <span class='ocrx_word' id='word_1_137' title='bbox 239 2871 424 2921; x_wconf 83' lang='lat' dir='ltr'><strong>remanere</strong></span> <span class='ocrx_word' id='word_1_138' title='bbox 449 2849 486 2918; x_wconf 92' lang='lat' dir='ltr'><strong>in</strong></span> <span class='ocrx_word' id='word_1_139' title='bbox 510 2871 626 2944; x_wconf 85' lang='lat' dir='ltr'><strong>regno,</strong></span> <span class='ocrx_word' id='word_1_140' title='bbox 652 2851 915 2920; x_wconf 86' lang='lat' dir='ltr'><strong>emendaturum</strong></span> <span class='ocrx_word' id='word_1_141' title='bbox 940 2851 977 2920; x_wconf 91' lang='lat' dir='ltr'><strong>in</strong></span> <span class='ocrx_word' id='word_1_142' title='bbox 993 2851 1152 2921; x_wconf 93' lang='lat' dir='ltr'><strong>omnibus</strong></span> <span class='ocrx_word' id='word_1_143' title='bbox 1169 2871 1270 2922; x_wconf 91' lang='lat' dir='ltr'><strong>suum</strong></span> 
     </span>
     <span class='ocr_line' id='line_1_19' title="bbox 132 2964 1270 3060; baseline 0.001 -23"><span class='ocrx_word' id='word_1_144' title='bbox 132 2966 253 3051; x_wconf 86' lang='lat' dir='ltr'><strong>scelus,</strong></span> <span class='ocrx_word' id='word_1_145' title='bbox 268 2964 490 3058; x_wconf 82' lang='lat' dir='ltr'><strong>eleemosyna</strong></span> <span class='ocrx_word' id='word_1_146' title='bbox 502 2973 539 3035; x_wconf 91' lang='lat' dir='ltr'><strong>et</strong></span> <span class='ocrx_word' id='word_1_147' title='bbox 554 2966 707 3036; x_wconf 89' lang='lat' dir='ltr'><strong>oratione</strong></span> <span class='ocrx_word' id='word_1_148' title='bbox 720 2975 758 3038; x_wconf 88' lang='lat' dir='ltr'><strong>et</strong></span> <span class='ocrx_word' id='word_1_149' title='bbox 767 2967 910 3060; x_wconf 88' lang='lat' dir='ltr'><strong>jejunio.</strong></span> <span class='ocrx_word' id='word_1_150' title='bbox 962 2966 1041 3037; x_wconf 83' lang='lat' dir='ltr'><strong>Rex</strong></span> <span class='ocrx_word' id='word_1_151' title='bbox 1049 2967 1190 3038; x_wconf 84' lang='lat' dir='ltr'><strong>Teudur</strong></span> <span class='ocrx_word' id='word_1_152' title='bbox 1204 2969 1270 3038; x_wconf 94' lang='lat' dir='ltr'><strong>im-</strong></span> 
     </span>
     <span class='ocr_line' id='line_1_20' title="bbox 131 3080 1269 3174; baseline 0.002 -20"><span class='ocrx_word' id='word_1_153' title='bbox 131 3083 249 3174; x_wconf 87' lang='lat' dir='ltr'><strong>primis</strong></span> <span class='ocrx_word' id='word_1_154' title='bbox 264 3081 369 3152; x_wconf 86' lang='lat' dir='ltr'><strong>offert</strong></span> <span class='ocrx_word' id='word_1_155' title='bbox 385 3080 473 3165; x_wconf 91' lang='lat' dir='ltr'><strong>Deo,</strong></span> <span class='ocrx_word' id='word_1_156' title='bbox 487 3081 569 3152; x_wconf 89' lang='lat' dir='ltr'><strong>data</strong></span> <span class='ocrx_word' id='word_1_157' title='bbox 585 3081 650 3152; x_wconf 92' lang='lat' dir='ltr'><strong>sibi</strong></span> <span class='ocrx_word' id='word_1_158' title='bbox 666 3089 765 3153; x_wconf 86' lang='lat' dir='ltr'><strong>tanta</strong></span> <span class='ocrx_word' id='word_1_159' title='bbox 780 3082 988 3167; x_wconf 89' lang='lat' dir='ltr'><strong>remissione,</strong></span> <span class='ocrx_word' id='word_1_160' title='bbox 1001 3092 1039 3155; x_wconf 89' lang='lat' dir='ltr'><strong>et</strong></span> <span class='ocrx_word' id='word_1_161' title='bbox 1052 3083 1181 3156; x_wconf 87' lang='lat' dir='ltr'><strong>Sancto</strong></span> <span class='ocrx_word' id='word_1_162' title='bbox 1194 3085 1269 3156; x_wconf 91' lang='lat' dir='ltr'><strong>Du-</strong></span> 
     </span>
    </p>
   </div>
   <div class='ocr_carea' id='block_1_7' title="bbox 130 3185 1417 3291">
    <p class='ocr_par' dir='ltr' id='par_1_7' title="bbox 130 3185 1417 3291">
     <span class='ocr_line' id='line_1_21' title="bbox 130 3185 1417 3291; baseline 0.004 -22"><span class='ocrx_word' id='word_1_163' title='bbox 130 3198 249 3283; x_wconf 89' lang='lat' dir='ltr'><strong>bricio,</strong></span> <span class='ocrx_word' id='word_1_164' title='bbox 271 3206 312 3268; x_wconf 91' lang='lat' dir='ltr'><strong>et</strong></span> <span class='ocrx_word' id='word_1_165' title='bbox 324 3197 511 3270; x_wconf 89' lang='lat' dir='ltr'><strong>Gurvanno</strong></span> <span class='ocrx_word' id='word_1_166' title='bbox 527 3197 696 3291; x_wconf 84' lang='lat' dir='ltr'><strong>praesenti,</strong></span> <span class='ocrx_word' id='word_1_167' title='bbox 714 3206 751 3269; x_wconf 91' lang='lat' dir='ltr'><strong>et</strong></span> <span class='ocrx_word' id='word_1_168' title='bbox 767 3199 837 3270; x_wconf 89' lang='lat' dir='ltr'><strong>suis</strong></span> <span class='ocrx_word' id='word_1_169' title='bbox 849 3200 1008 3270; x_wconf 92' lang='lat' dir='ltr'><strong>omnibus</strong></span> <span class='ocrx_word' id='word_1_170' title='bbox 1021 3201 1269 3274; x_wconf 86' lang='lat' dir='ltr'><strong>successoribus</strong></span> <span class='ocrx_word' id='word_1_171' title='bbox 1410 3185 1417 3198; x_wconf 53' lang='lat'><em>⁶</em></span> 
     </span>
    </p>
   </div>
   <div class='ocr_carea' id='block_1_8' title="bbox 126 3313 1271 4458">
    <p class='ocr_par' dir='ltr' id='par_1_8' title="bbox 126 3313 1271 4458">
     <span class='ocr_line' id='line_1_22' title="bbox 128 3313 1267 3400; baseline 0.001 -15"><span class='ocrx_word' id='word_1_172' title='bbox 128 3316 163 3385; x_wconf 95' lang='lat' dir='ltr'><strong>in</strong></span> <span class='ocrx_word' id='word_1_173' title='bbox 188 3315 345 3388; x_wconf 88' lang='lat' dir='ltr'><strong>ecclesia</strong></span> <span class='ocrx_word' id='word_1_174' title='bbox 367 3313 560 3398; x_wconf 72' lang='lat' dir='ltr'><strong>Landosia,</strong></span> <span class='ocrx_word' id='word_1_175' title='bbox 587 3322 624 3386; x_wconf 90' lang='lat' dir='ltr'><strong>et</strong></span> <span class='ocrx_word' id='word_1_176' title='bbox 649 3313 856 3386; x_wconf 87' lang='lat' dir='ltr'><strong>Sanctorum</strong></span> <span class='ocrx_word' id='word_1_177' title='bbox 881 3315 1040 3386; x_wconf 91' lang='lat' dir='ltr'><strong>Dubricii</strong></span> <span class='ocrx_word' id='word_1_178' title='bbox 1064 3325 1101 3387; x_wconf 93' lang='lat' dir='ltr'><strong>et</strong></span> <span class='ocrx_word' id='word_1_179' title='bbox 1124 3316 1267 3400; x_wconf 84' lang='lat' dir='ltr'><strong>Teliaui‚</strong></span> 
     </span>
     <span class='ocr_line' id='line_1_23' title="bbox 129 3427 1269 3515; baseline -0.002 -11"><span class='ocrx_word' id='word_1_180' title='bbox 129 3430 229 3504; x_wconf 84' lang='lat' dir='ltr'><strong>Lanu</strong></span> <span class='ocrx_word' id='word_1_181' title='bbox 252 3428 435 3504; x_wconf 83' lang='lat' dir='ltr'><strong>Mihacel³</strong></span> <span class='ocrx_word' id='word_1_182' title='bbox 456 3431 528 3501; x_wconf 83' lang='lat' dir='ltr'><strong>trel</strong></span> <span class='ocrx_word' id='word_1_183' title='bbox 550 3429 684 3513; x_wconf 87' lang='lat' dir='ltr'><strong>Ceriau,</strong></span> <span class='ocrx_word' id='word_1_184' title='bbox 707 3455 788 3502; x_wconf 90' lang='lat' dir='ltr'><strong>cum</strong></span> <span class='ocrx_word' id='word_1_185' title='bbox 813 3428 875 3502; x_wconf 75' lang='lat' dir='ltr'><strong>sui</strong></span> <span class='ocrx_word' id='word_1_186' title='bbox 899 3427 977 3502; x_wconf 73' lang='lat' dir='ltr'><strong>tots</strong></span> <span class='ocrx_word' id='word_1_187' title='bbox 1000 3429 1101 3515; x_wconf 73' lang='lat' dir='ltr'><strong>terri,</strong></span> <span class='ocrx_word' id='word_1_188' title='bbox 1127 3439 1164 3502; x_wconf 88' lang='lat' dir='ltr'><strong>et</strong></span> <span class='ocrx_word' id='word_1_189' title='bbox 1188 3455 1269 3502; x_wconf 90' lang='lat' dir='ltr'><strong>cum</strong></span> 
     </span>
     <span class='ocr_line' id='line_1_24' title="bbox 129 3545 1269 3640; baseline 0 -22"><span class='ocrx_word' id='word_1_190' title='bbox 129 3551 222 3620; x_wconf 90' lang='lat' dir='ltr'><strong>omni</strong></span> <span class='ocrx_word' id='word_1_191' title='bbox 254 3545 327 3621; x_wconf 73' lang='lat' dir='ltr'><strong>sud</strong></span> <span class='ocrx_word' id='word_1_192' title='bbox 350 3547 522 3629; x_wconf 88' lang='lat' dir='ltr'><strong>libertate,</strong></span> <span class='ocrx_word' id='word_1_193' title='bbox 546 3554 582 3616; x_wconf 89' lang='lat' dir='ltr'><strong>et</strong></span> <span class='ocrx_word' id='word_1_194' title='bbox 604 3554 680 3617; x_wconf 90' lang='lat' dir='ltr'><strong>tota</strong></span> <span class='ocrx_word' id='word_1_195' title='bbox 702 3549 1003 3618; x_wconf 86' lang='lat' dir='ltr'><strong>communionem</strong></span> <span class='ocrx_word' id='word_1_196' title='bbox 1030 3570 1151 3640; x_wconf 90' lang='lat' dir='ltr'><strong>campo</strong></span> <span class='ocrx_word' id='word_1_197' title='bbox 1174 3555 1211 3619; x_wconf 89' lang='lat' dir='ltr'><strong>et</strong></span> <span class='ocrx_word' id='word_1_198' title='bbox 1233 3548 1269 3618; x_wconf 92' lang='lat' dir='ltr'><strong>in</strong></span> 
     </span>
     <span class='ocr_line' id='line_1_25' title="bbox 130 3660 1271 3756; baseline 0 -22"><span class='ocrx_word' id='word_1_199' title='bbox 130 3663 230 3749; x_wconf 90' lang='lat' dir='ltr'><strong>silvis,</strong></span> <span class='ocrx_word' id='word_1_200' title='bbox 249 3667 289 3736; x_wconf 94' lang='lat' dir='ltr'><strong>in</strong></span> <span class='ocrx_word' id='word_1_201' title='bbox 309 3660 403 3755; x_wconf 76' lang='lat' dir='ltr'><strong>aqud</strong></span> <span class='ocrx_word' id='word_1_202' title='bbox 419 3671 456 3733; x_wconf 89' lang='lat' dir='ltr'><strong>et</strong></span> <span class='ocrx_word' id='word_1_203' title='bbox 471 3665 508 3733; x_wconf 92' lang='lat' dir='ltr'><strong>in</strong></span> <span class='ocrx_word' id='word_1_204' title='bbox 524 3663 666 3756; x_wconf 85' lang='lat' dir='ltr'><strong>pascuis,</strong></span> <span class='ocrx_word' id='word_1_205' title='bbox 685 3665 759 3735; x_wconf 90' lang='lat' dir='ltr'><strong>sine</strong></span> <span class='ocrx_word' id='word_1_206' title='bbox 775 3663 847 3735; x_wconf 93' lang='lat' dir='ltr'><strong>ullo</strong></span> <span class='ocrx_word' id='word_1_207' title='bbox 864 3686 970 3735; x_wconf 90' lang='lat' dir='ltr'><strong>censu</strong></span> <span class='ocrx_word' id='word_1_208' title='bbox 986 3663 1118 3733; x_wconf 91' lang='lat' dir='ltr'><strong>homini</strong></span> <span class='ocrx_word' id='word_1_209' title='bbox 1134 3671 1271 3735; x_wconf 88' lang='lat' dir='ltr'><strong>terreno</strong></span> 
     </span>
     <span class='ocr_line' id='line_1_26' title="bbox 129 3777 1269 3873; baseline -0.002 -22"><span class='ocrx_word' id='word_1_210' title='bbox 129 3781 194 3851; x_wconf 85' lang='lat' dir='ltr'><strong>nisi</strong></span> <span class='ocrx_word' id='word_1_211' title='bbox 218 3779 383 3852; x_wconf 77' lang='lat' dir='ltr'><strong>eeclesia</strong></span> <span class='ocrx_word' id='word_1_212' title='bbox 401 3778 593 3862; x_wconf 74' lang='lat' dir='ltr'><strong>Landosia,</strong></span> <span class='ocrx_word' id='word_1_213' title='bbox 620 3789 656 3850; x_wconf 93' lang='lat' dir='ltr'><strong>et</strong></span> <span class='ocrx_word' id='word_1_214' title='bbox 679 3781 873 3873; x_wconf 84' lang='lat' dir='ltr'><strong>pastoribus</strong></span> <span class='ocrx_word' id='word_1_215' title='bbox 898 3777 995 3872; x_wconf 73' lang='lat' dir='ltr'><strong>ejus.⁴</strong></span> <span class='ocrx_word' id='word_1_216' title='bbox 1044 3778 1101 3850; x_wconf 92' lang='lat' dir='ltr'><strong>De</strong></span> <span class='ocrx_word' id='word_1_217' title='bbox 1117 3777 1269 3863; x_wconf 84' lang='lat' dir='ltr'><strong>Clericis,</strong></span> 
     </span>
     <span class='ocr_line' id='line_1_27' title="bbox 128 3891 1270 3989; baseline -0.002 -20"><span class='ocrx_word' id='word_1_218' title='bbox 128 3905 234 3969; x_wconf 81' lang='lat' dir='ltr'><strong>testes</strong></span> <span class='ocrx_word' id='word_1_219' title='bbox 261 3903 361 3978; x_wconf 88' lang='lat' dir='ltr'><strong>sunt,</strong></span> <span class='ocrx_word' id='word_1_220' title='bbox 380 3892 565 3966; x_wconf 84' lang='lat' dir='ltr'><strong>Gumaun⁵</strong></span> <span class='ocrx_word' id='word_1_221' title='bbox 585 3891 786 3989; x_wconf 87' lang='lat' dir='ltr'><strong>Episcopus,</strong></span> <span class='ocrx_word' id='word_1_222' title='bbox 806 3896 921 3980; x_wconf 88' lang='lat' dir='ltr'><strong>Eliud,</strong></span> <span class='ocrx_word' id='word_1_223' title='bbox 939 3895 1047 3980; x_wconf 83' lang='lat' dir='ltr'><strong>Ounn,</strong></span> <span class='ocrx_word' id='word_1_224' title='bbox 1066 3896 1201 3979; x_wconf 76' lang='lat' dir='ltr'><strong>Ooncm</strong></span> <span class='ocrx_word' id='word_1_225' title='bbox 1227 3897 1270 3968; x_wconf 90' lang='lat' dir='ltr'><strong>de</strong></span> 
     </span>
     <span class='ocr_line' id='line_1_28' title="bbox 127 4011 1269 4099; baseline 0.002 -17"><span class='ocrx_word' id='word_1_226' title='bbox 127 4011 248 4099; x_wconf 84' lang='lat' dir='ltr'><strong>laicis,⁶</strong></span> <span class='ocrx_word' id='word_1_227' title='bbox 265 4012 415 4085; x_wconf 86' lang='lat' dir='ltr'><strong>Teudur</strong></span> <span class='ocrx_word' id='word_1_228' title='bbox 432 4012 519 4096; x_wconf 84' lang='lat' dir='ltr'><strong>Rex,</strong></span> <span class='ocrx_word' id='word_1_229' title='bbox 534 4012 680 4084; x_wconf 85' lang='lat' dir='ltr'><strong>Conurit</strong></span> <span class='ocrx_word' id='word_1_230' title='bbox 696 4012 787 4085; x_wconf 90' lang='lat' dir='ltr'><strong>filins</strong></span> <span class='ocrx_word' id='word_1_231' title='bbox 801 4013 985 4097; x_wconf 85' lang='lat' dir='ltr'><strong>Concolen,</strong></span> <span class='ocrx_word' id='word_1_232' title='bbox 1000 4011 1138 4098; x_wconf 88' lang='lat' dir='ltr'><strong>Petran,</strong></span> <span class='ocrx_word' id='word_1_233' title='bbox 1153 4013 1269 4097; x_wconf 83' lang='lat' dir='ltr'><strong>Eliuu,</strong></span> 
     </span>
     <span class='ocr_line' id='line_1_29' title="bbox 126 4127 1270 4224; baseline 0.003 -26"><span class='ocrx_word' id='word_1_234' title='bbox 126 4127 256 4202; x_wconf 84' lang='lat' dir='ltr'><strong>Bacue.</strong></span> <span class='ocrx_word' id='word_1_235' title='bbox 314 4129 525 4220; x_wconf 82' lang='lat' dir='ltr'><strong>Quicunque</strong></span> <span class='ocrx_word' id='word_1_236' title='bbox 538 4131 748 4214; x_wconf 86' lang='lat' dir='ltr'><strong>custodierit,</strong></span> <span class='ocrx_word' id='word_1_237' title='bbox 761 4131 999 4216; x_wconf 86' lang='lat' dir='ltr'><strong>benedicetm;</strong></span> <span class='ocrx_word' id='word_1_238' title='bbox 1025 4131 1083 4224; x_wconf 90' lang='lat' dir='ltr'><strong>qui</strong></span> <span class='ocrx_word' id='word_1_239' title='bbox 1096 4139 1213 4202; x_wconf 83' lang='lat' dir='ltr'><strong>autem</strong></span> <span class='ocrx_word' id='word_1_240' title='bbox 1226 4131 1270 4202; x_wconf 88' lang='lat' dir='ltr'><strong>ab</strong></span> 
     </span>
     <span class='ocr_line' id='line_1_30' title="bbox 127 4245 1271 4339; baseline -0.003 -19"><span class='ocrx_word' id='word_1_241' title='bbox 127 4247 276 4320; x_wconf 82' lang='lat' dir='ltr'><strong>ecclesia</strong></span> <span class='ocrx_word' id='word_1_242' title='bbox 296 4245 486 4317; x_wconf 82' lang='lat' dir='ltr'><strong>Laudaviae</strong></span> <span class='ocrx_word' id='word_1_243' title='bbox 503 4248 719 4339; x_wconf 85' lang='lat' dir='ltr'><strong>separaverit,</strong></span> <span class='ocrx_word' id='word_1_244' title='bbox 733 4248 917 4318; x_wconf 87' lang='lat' dir='ltr'><strong>anathema</strong></span> <span class='ocrx_word' id='word_1_245' title='bbox 929 4248 984 4319; x_wconf 91' lang='lat' dir='ltr'><strong>sit.</strong></span> <span class='ocrx_word' id='word_1_246' title='bbox 1034 4247 1161 4318; x_wconf 88' lang='lat' dir='ltr'><strong>Amen.</strong></span> <span class='ocrx_word' id='word_1_247' title='bbox 1213 4245 1271 4317; x_wconf 87' lang='lat' dir='ltr'><strong>Fi·</strong></span> 
     </span>
     <span class='ocr_line' id='line_1_31' title="bbox 126 4360 1270 4458; baseline -0.003 -21"><span class='ocrx_word' id='word_1_248' title='bbox 126 4365 177 4436; x_wconf 88' lang='lat' dir='ltr'><strong>nis</strong></span> <span class='ocrx_word' id='word_1_249' title='bbox 191 4365 293 4437; x_wconf 87' lang='lat' dir='ltr'><strong>illius</strong></span> <span class='ocrx_word' id='word_1_250' title='bbox 311 4370 378 4445; x_wconf 76' lang='lat' dir='ltr'><strong>est,</strong></span> <span class='ocrx_word' id='word_1_251' title='bbox 398 4360 454 4433; x_wconf 89' lang='lat' dir='ltr'><strong>De</strong></span> <span class='ocrx_word' id='word_1_252' title='bbox 467 4364 522 4433; x_wconf 85' lang='lat' dir='ltr'><strong>via</strong></span> <span class='ocrx_word' id='word_1_253' title='bbox 538 4387 672 4458; x_wconf 84' lang='lat' dir='ltr'><strong>magna,</strong></span> <span class='ocrx_word' id='word_1_254' title='bbox 687 4387 762 4456; x_wconf 87' lang='lat' dir='ltr'><strong>quae</strong></span> <span class='ocrx_word' id='word_1_255' title='bbox 778 4373 831 4436; x_wconf 90' lang='lat' dir='ltr'><strong>est</strong></span> <span class='ocrx_word' id='word_1_256' title='bbox 848 4365 892 4435; x_wconf 89' lang='lat' dir='ltr'><strong>ab</strong></span> <span class='ocrx_word' id='word_1_257' title='bbox 904 4372 1019 4436; x_wconf 88' lang='lat' dir='ltr'><strong>austro</strong></span> <span class='ocrx_word' id='word_1_258' title='bbox 1035 4386 1097 4457; x_wconf 87' lang='lat' dir='ltr'><strong>per</strong></span> <span class='ocrx_word' id='word_1_259' title='bbox 1112 4363 1270 4456; x_wconf 89' lang='lat' dir='ltr'><strong>spineum</strong></span> 
     </span>
    </p>
   </div>
   <div class='ocr_carea' id='block_1_9' title="bbox 130 4692 1270 4840">
    <p class='ocr_par' dir='ltr' id='par_1_9' title="bbox 130 4692 1270 4840">
     <span class='ocr_line' id='line_1_32' title="bbox 161 4692 1270 4770; baseline -0.004 -18"><span class='ocrx_word' id='word_1_260' title='bbox 161 4696 386 4770; x_wconf 80' lang='lat' dir='ltr'><strong>¹Insnppletur.</strong></span> <span class='ocrx_word' id='word_1_261' title='bbox 396 4692 429 4748; x_wconf 88' lang='lat' dir='ltr'><strong>E.</strong></span> <span class='ocrx_word' id='word_1_262' title='bbox 457 4693 587 4750; x_wconf 79' lang='lat' dir='ltr'><strong>²Veniom</strong></span> <span class='ocrx_word' id='word_1_263' title='bbox 597 4696 678 4752; x_wconf 84' lang='lat' dir='ltr'><strong>deest.</strong></span> <span class='ocrx_word' id='word_1_264' title='bbox 688 4695 721 4751; x_wconf 91' lang='lat'><strong>0.</strong></span> <span class='ocrx_word' id='word_1_265' title='bbox 756 4695 922 4752; x_wconf 60' lang='lat' dir='ltr'><strong>michalo.</strong></span> <span class='ocrx_word' id='word_1_266' title='bbox 957 4695 1092 4752; x_wconf 57' lang='lat' dir='ltr'><strong>idum&amp;</strong></span> <span class='ocrx_word' id='word_1_267' title='bbox 1127 4693 1270 4750; x_wconf 76' lang='lat' dir='ltr'><strong>³Gutuan.</strong></span> 
     </span>
     <span class='ocr_line' id='line_1_33' title="bbox 130 4780 523 4840; baseline -0.003 -4"><span class='ocrx_word' id='word_1_268' title='bbox 130 4780 161 4838; x_wconf 90' lang='lat'><strong>0.</strong></span> <span class='ocrx_word' id='word_1_269' title='bbox 192 4784 238 4840; x_wconf 79' lang='lat'><strong>⁶0</strong></span> <span class='ocrx_word' id='word_1_270' title='bbox 257 4783 438 4839; x_wconf 67' lang='lat' dir='ltr'><strong>habeatem</strong></span> <span class='ocrx_word' id='word_1_271' title='bbox 451 4787 523 4835; x_wconf 73' lang='lat' dir='ltr'><strong>mat.</strong></span> 
     </span>
    </p>
   </div>
   <div class='ocr_carea' id='block_1_10' title="bbox 0 0 1664 5797">
    <p class='ocr_par' dir='ltr' id='par_1_10' title="bbox 0 0 1664 5797">
     <span class='ocr_line' id='line_1_34' title="bbox 0 0 1664 5797; baseline 0 0"><span class='ocrx_word' id='word_1_272' title='bbox 0 0 1664 5797; x_wconf 95' lang='lat' dir='ltr'><strong> </strong></span> 
     </span>
    </p>
   </div>
  </div>
 </body>
</html>
